2642 4017
208 263 251 329 ιι
351 264 609 325 cmunxruux.
629 265 712 325 cle.
724 273 823 329 asa.
843 272 879 339 n.
892 270 926 322 υ.
939 289 963 329 0.
975 265 1038 343 ree]

204 419 263 481 bus
278 417 526 481 commentarium
540 434 558 477 a
579 425 665 493 patre
679 417 860 492 accepisset.
886 433 955 477 eum
968 416 1183 492 respondisset

202 503 364 579 accepisse
378 519 430 576 se,
445 501 519 561 nihil
532 502 619 576 prius
633 516 696 561 nac.
705 502 808 576 potius
822 500 922 562 νίιιιιιι]
937 507 984 561 est
998 516 1088 576 quam
1099 501 1182 575 regis

202 588 302 663 ipslus
323 587 363 647 de
383 585 511 659 siugulis
536 600 690 659 respousa
712 586 862 659 accipere.
897 584 1008 644 librum
1027 584 1181 659 extemplo

202 676 427 747 poposcerunt,
442 667 554 727 deinde
567 673 601 727 ut
615 667 684 742 lpse
697 668 839 728 recitaret
857 668 1068 743 permIserunt.
1095 674 1182 727 eraut

202 763 304 816 autem
318 753 359 812 de
373 751 503 827 singulis
518 749 612 809 rebus
625 750 657 809 in
675 750 769 809 breve
784 758 911 810 coactae
926 767 1054 825 causae,
1075 758 1108 811 ut
1121 752 1181 810 alla

203 839 316 899 fecisse
330 851 366 895 se
380 834 548 895 secundum
565 833 690 892 decreta
704 832 871 907 legatorum
887 835 1017 906 diceret,
1039 834 1101 894 alia
1120 851 1182 895 non

202 937 259 997 per
272 936 309 981 se
322 919 460 988 stetisse,
477 931 538 992 quo
554 917 654 976 minus
670 916 797 988 laceret,
813 917 871 976 sed
885 932 1010 990 percos
1026 918 1115 992 ipsos
1130 918 1182 993 qui

203 1009 393 1064 accusarent„
425 1002 651 1075 interposuerat
671 1006 702 1059 et
723 1000 864 1074 querelas
886 1000 926 1059 de
945 999 1103 1075 iniquitate
1129 1003 1182 1062 de

202 1092 370 1158 cretarum,
387 1092 419 1144 et
431 1099 522 1158 quam
537 1099 599 1144 uon
614 1098 768 1157 exaequo
784 1084 986 1160 disceptatum
1006 1085 1090 1158 apud
1107 1085 1181 1145 cae

202 1167 305 1228 cilium
319 1168 399 1228 toret
413 1167 600 1243 indigneque
615 1166 675 1227 sibi
690 1182 748 1227 nec
769 1169 833 1227 ullo
853 1183 911 1229 suo
931 1166 1038 1227 merito
1055 1168 1181 1228 Insulta-

201 1259 264 1312 tum
278 1251 317 1312 ab
333 1251 473 1313 onmibus
488 1257 581 1312 esset.
606 1251 663 1310 has
678 1256 768 1311 notas
779 1251 884 1311 irritati
899 1250 967 1311 eius
982 1251 1074 1311 culmi
1088 1252 1178 1311 colle·

202 1336 245 1411 git
257 1341 397 1397 senatum
417 1341 552 1396 ceterum
564 1334 624 1394 alla
638 1334 799 1394 excusanti
813 1334 932 1407 iuveni,
948 1336 1009 1396 alia
1023 1334 1182 1411 recipienti

203 1420 360 1481 Iuturalta
373 1426 407 1481 ut
430 1418 563 1479 maxime
585 1418 679 1478 vellet
702 1424 842 1493 senatus,
866 1418 1050 1494 responderi
1069 1419 1182 1495 placuit

202 1501 277 1562 nihil
293 1510 410 1579 patrem
424 1505 491 1564 eius
515 1517 616 1575 neque
640 1502 753 1561 rectius
774 1518 833 1562 nec
851 1504 950 1578 magis
965 1502 1050 1578 quod
1069 1519 1109 1563 ex
1126 1519 1182 1570 ro-

203 1588 317 1647 luntate
332 1593 457 1649 senatus
473 1592 558 1646 essct
572 1585 700 1660 declase,
723 1602 815 1660 quam
840 1588 938 1661 quod,
964 1593 1128 1662 utcunque
1146 1602 1183 1646 ea

203 1674 291 1744 gesta
314 1678 433 1744 essent,
460 1686 515 1747 per
538 1669 725 1729 Demetrium
745 1669 841 1730 filium
862 1670 1006 1730 satisfieri
1032 1672 1183 1732 voluisset

202 1753 359 1815 Romanis.
387 1755 481 1814 mulla
495 1760 525 1814 et
542 1753 736 1814 dissimulare
760 1760 792 1813 et
814 1753 954 1814 oblivisci
975 1756 1082 1829 cipali
1096 1769 1182 1831 prae·

205 1837 292 1897 terite
306 1843 447 1899 senatum
463 1852 574 1912 posse,
590 1843 620 1896 el
634 1837 761 1897 credere
781 1838 872 1897 etiam
886 1838 1039 1898 Demetrio
1055 1838 1182 1898 creden·

205 1921 277 1981 dum
295 1936 377 1982 esse.
408 1921 548 1981 obsidem
567 1920 653 1980 enlm¹
667 1935 703 1979 se
723 1920 857 1981 culmum
885 1922 952 1982 eius
972 1920 1102 1993 habere,
1124 1920 1182 1981 etsi

204 2020 319 2081 corpus
333 2005 412 2080 patri
425 2004 609 2075 reddiderit,
630 2010 664 2063 et
679 2004 773 2078 scire,
797 2012 944 2080 quantum
965 2006 1054 2065 salva
1074 2005 1105 2063 ln
1127 2020 1182 2080 pa·

204 2095 281 2148 trem
295 2087 408 2162 pietate
421 2087 535 2164 possit,
551 2085 681 2147 amlcum
698 2088 815 2164 populo
829 2089 968 2148 Romano
983 2103 1068 2159 esse,
1085 2087 1184 2149 hono·

204 2171 311 2244 risque
325 2170 392 2231 elus
413 2186 507 2231 causo
521 2170 671 2232 mlesuros
686 2171 716 2230 in
730 2170 943 2233 Macedonum
957 2171 1091 2245 legatos,
1107 2177 1142 2230 ut
1156 2170 1183 2229 si

206 2254 280 2330 quid
293 2255 394 2316 miuus
409 2256 522 2316 lactum
541 2254 581 2314 sit
603 2270 694 2331 quam
716 2254 869 2329 debuerit,
888 2263 951 2315 tum
973 2268 1097 2328 quoque
1117 2253 1184 2313 sine

206 2338 330 2413 placule
342 2355 445 2400 rerum
466 2340 751 2414 praetermissarum
775 2338 838 2399 fiat
866 2340 947 2399 velle
960 2336 1050 2398 etiarn
1070 2337 1184 2397 sentim

204 2421 377 2498 Philippum
390 2423 509 2497 integra
522 2420 626 2483 omnia
637 2422 696 2483 sibi
711 2438 780 2482 cum
796 2424 911 2498 populo
923 2422 1063 2483 Romano
1076 2422 1185 2481 Deme·

206 2506 254 2566 trii
274 2506 330 2566 dlii
347 2505 501 2565 benellcio
526 2520 610 2564 esse.
652 2506 785 2566 XLVIII.
807 2506 899 2580 haec,
924 2521 1005 2579 quae
1024 2503 1185 2579 augendae

206 2588 414 2664 amplitudinis
428 2588 495 2649 elus
509 2603 603 2648 eausa
619 2589 700 2649 lacta
714 2595 810 2663 erant,
821 2589 975 2663 extemplo
988 2588 1019 2648 io
1030 2588 1183 2659 invidiam,

206 2687 281 2731 mox
294 2671 383 2731 etiam
398 2672 428 2731 in
444 2671 608 2745 perniciem
624 2672 812 2732 adolescenti
825 2678 991 2733 verterunt.

288 2754 525 2815 Lacedaemonii
538 2755 650 2816 deinde
664 2755 829 2816 introducti
844 2761 923 2816 sunt.
951 2756 1064 2816 multae
1075 2762 1106 2814 et
1117 2770 1185 2830 par·

206 2838 299 2897 vulae
311 2831 554 2914 disceptationes
567 2838 772 2900 Iaembenturr
800 2840 858 2900 scd
880 2855 961 2914 quae
974 2839 1106 2899 maxime
1120 2853 1186 2896 rem

207 2921 410 2998 continerent,
426 2929 512 2983 erant
524 2929 625 2984 utrum
639 2924 869 2984 restituerentur
881 2938 960 2996 quoe
970 2921 1087 2982 Achaei
1100 2920 1185 2980 dam·

206 3013 369 3079 nouerant,
384 3022 441 3066 nec
457 3022 512 3076 ne,
528 3006 632 3081 inique
654 3023 693 3066 an
714 3008 780 3066 lure
800 3006 989 3067 occidissent
1009 3020 1088 3080 quos
1104 3003 1185 3063 occl-

207 3087 324 3148 derant
352 3089 526 3151 vertebatur
544 3095 576 3150 el
589 3096 687 3152 utrum
701 3096 858 3150 manerent
878 3089 910 3149 in
928 3087 1067 3149 Achaim
1082 3086 1185 3148 cenci·

206 3171 248 3231 lio
266 3172 511 3244 Lacedaemonii,
528 3190 577 3247 an,
593 3180 628 3234 ut
640 3178 711 3233 ante
726 3174 833 3247 tuerat,
852 3180 1005 3234 secretum
1015 3171 1082 3234 elus
1095 3170 1186 3231 unius

207 3256 238 3316 in
251 3253 467 3332 Peloponneso
482 3257 615 3318 civitatis
628 3258 676 3317 ius
691 3265 785 3318 esset.
813 3257 933 3318 restitui
951 3255 1126 3331 iudicIaque
1141 3255 1186 3315 la·

207 3346 256 3401 cta
269 3340 333 3402 tulli
349 3340 477 3415 placuit,
494 3340 759 3401 Lacedaemonem
771 3356 895 3401 manera
909 3341 942 3402 in
956 3340 1093 3402 Achaico
1114 3354 1186 3399 con·

207 3423 276 3485 cilio
292 3424 446 3499 scribique
459 3425 491 3485 id
507 3425 663 3486 decretum
679 3432 709 3485 et
719 3424 893 3499 consignari
904 3441 923 3484 a
934 3421 1187 3485 Lacedaemonils

207 3513 237 3567 et
249 3508 394 3570 AchaeIs.
