2642 4017
330 281 445 344 llBER
456 283 545 344 XLV.
568 283 884 359 CAP.44.[a.c.1ot]
1039 285 1101 348 299

119 444 332 515 argenteorum
348 437 454 513 pondo
470 437 702 513 quinquaginta.
725 443 755 497 et
768 436 831 500 lilio
846 439 928 513 regis
942 438 1101 500 Nicomedi

118 540 157 583 ex
173 538 211 583 ea
226 538 345 582 summa
359 537 487 582 munera
500 521 567 581 dari
581 527 779 597 censuerunt,
803 537 842 581 ex
858 539 920 597 qua
933 521 1100 597 Masgabae

117 607 181 668 tilio
196 606 279 681 regis
293 604 477 666 Masinissae
493 605 564 665 data
577 614 698 675 essent;
721 612 752 666 et
765 610 800 665 ut
812 604 953 666 victimae
968 606 1099 681 aliaque,

118 706 198 767 qnae
213 690 252 750 ad
264 688 447 750 sacrificium
457 689 653 764 pertinerent,
672 703 729 749 seu
739 688 856 749 Romae
868 705 926 750 seu
935 689 1100 750 Praeneste

117 772 275 835 immolare
295 773 400 846 vellet,
421 773 486 848 regi
507 788 547 832 ex
561 771 685 847 publico
702 772 782 833 sicul
795 772 1024 846 magistratibus
1037 774 1099 833 Ro·

117 856 216 917 manis
228 856 463 932 praeberentur;
485 861 516 915 et
524 865 558 916 ut
568 871 608 915 ex
620 857 730 930 classe,
747 871 827 930 quae
837 856 992 917 Brundisii
1006 863 1099 931 esset,

116 956 214 1001 naves
225 941 336 1014 longae
346 938 452 1014 viginti
463 938 707 1016 assignarentur,
720 940 832 1015 quibus
842 947 986 1015 uteretur,
999 941 1100 1002 donec

70 1036 78 1049 ‘
118 1025 159 1083 ad
180 1024 309 1083 classem
330 1022 413 1083 dono
428 1022 530 1082 datam
546 1021 575 1083 ei
588 1038 645 1082 rex
659 1024 868 1099 pervenissem
889 1024 923 1083 L.
940 1023 1099 1084 cornelius

118 1104 224 1181 Scipio
238 1122 277 1166 ne
288 1106 328 1167 ab
338 1121 375 1167 eo
387 1107 577 1181 abscederet,
594 1114 811 1183 sumptumque
822 1107 883 1183 ipsi
895 1113 925 1168 et
936 1106 1100 1168 comitibus

117 1190 292 1267 praeberet,
315 1190 415 1250 donec
433 1205 544 1251 navem
566 1192 810 1252 conscendisset.
839 1193 914 1252 mire
934 1192 1047 1252 laetum
1062 1206 1099 1251 ea

118 1271 302 1349 benignitate
315 1273 346 1334 in
361 1289 397 1334 se
410 1274 518 1350 populi
529 1276 658 1334 Romani
673 1290 778 1349 regem
789 1274 886 1352 luisse
897 1275 1014 1336 seruata
1033 1292 1098 1335 mu-

117 1372 193 1418 nera
206 1357 264 1417 sibl
279 1357 340 1433 ipsi
355 1358 412 1418 emi
427 1374 490 1419 non
505 1357 595 1433 sisse,
611 1357 708 1418 filiurn
718 1358 852 1418 iussisse
863 1358 979 1419 donum
991 1357 1098 1433 populi

117 1440 247 1502 Romani
268 1440 418 1517 accipere.
442 1441 520 1501 haec
541 1442 581 1499 de
600 1440 709 1500 Prusia
727 1441 825 1501 nostri
840 1441 1018 1515 scriptores.
1041 1439 1096 1501 Po·

117 1523 222 1603 lybius
240 1542 310 1585 eum
329 1541 434 1600 regem
454 1524 613 1600 indignum
627 1524 787 1585 maiestate
802 1524 934 1585 nominis
948 1522 1024 1585 tanti
1037 1529 1098 1583 tra·

117 1609 163 1670 dit
187 1610 345 1684 pileatum,
374 1609 474 1684 eapite
497 1623 586 1682 raso,
614 1606 737 1667 obviam
762 1608 806 1668 ire
830 1608 939 1682 legatis
965 1608 1097 1681 solitum,

117 1690 322 1769 libertumque
342 1708 377 1753 se
398 1691 506 1768 popuii
519 1690 650 1752 Romani
665 1691 755 1766 ierre,
770 1699 800 1752 et
813 1689 884 1752 ideo
900 1691 1034 1767 insignia
1049 1707 1097 1752 or-

117 1775 197 1837 dinis
212 1777 280 1837 eins
295 1791 419 1851 gererem
440 1776 558 1835 Romae
569 1788 705 1850 qnoque,
722 1789 791 1836 cum
802 1776 920 1836 renuet
929 1776 1097 1849 incuriam,

116 1860 309 1922 summisisse
324 1875 368 1935 se,
384 1866 415 1920 et
429 1860 537 1919 osculo
551 1859 644 1918 limen
660 1859 766 1922 curiae
781 1860 958 1936 contigisse,
975 1866 1006 1919 et
1019 1858 1097 1920 deos

117 1950 293 2005 servatores
309 1959 384 2004 suos
400 1948 540 2003 senatum
554 1941 741 2018 appellasse,
762 1943 915 2018 aliamque
930 1943 1097 2005 orationem

116 2043 179 2089 non
199 2036 262 2089 tam
280 2026 481 2088 honorificam
502 2025 696 2086 audientibus
723 2042 816 2102 quarn
843 2027 901 2087 sibi
928 2026 1098 2087 deformem

115 2111 274 2171 habuisse.
296 2117 431 2171 moratus
447 2109 529 2170 circa
543 2108 782 2185 urbemitriginta
792 2111 875 2171 haud
887 2110 1018 2185 amplius
1030 2108 1097 2169 dies

114 2195 147 2255 in
162 2209 290 2269 regnum
305 2202 354 2256 est
367 2195 524 2270 profectus
539 2191 601 2252 ***.
617 2200 782 2270 actumque
796 2194 827 2254 in
840 2195 918 2256 Asia
931 2193 1054 2254 bellum.

267 2694 470 2755 LIBRORUM
490 2696 714 2756 XLVI-CXL
736 2690 943 2754 ΕΡΙΤΟΜΑΕ.

169 2852 244 2898 Xth.
265 2852 376 2896 Eumenes
389 2866 430 2896 rex
443 2856 534 2898 Romam
553 2860 627 2907 venit,
646 2859 685 2909 qul
701 2859 753 2910 qula
767 2856 911 2897 Macedonico
926 2853 987 2894 hailo
1000 2852 1097 2894 mediana

115 2910 202 2959 egerat,
223 2919 251 2948 ne
269 2911 308 2948 ant
325 2908 398 2950 hostis
414 2908 525 2951 iudicatus
545 2911 667 2961 videretur,
690 2913 710 2952 sl
724 2910 830 2951 exclusus
843 2911 914 2957 essct,
938 2910 977 2947 aut
991 2907 1098 2948 liberatus

114 2962 218 3010 crimine,
236 2963 256 3002 sl
271 2961 435 3012 admitteretur,
456 2965 477 3003 ln
492 2975 607 3005 commune
627 2964 665 3005 lea
680 2964 726 3005 lata
740 2966 786 3012 est,
802 2974 830 3003 ne
845 2963 881 3003 cul
894 2961 941 3013 regi
955 2960 1045 3002 Romam
1059 2972 1096 3001 ve-

114 3016 163 3055 nire
178 3015 262 3057 liceret·
278 3015 385 3059 claudius
398 3016 519 3059 Marcellus
534 3018 612 3059 consui
626 3017 722 3069 Alpinos
736 3016 825 3065 Gallos,
847 3017 873 3060 c.
888 3014 1004 3067 Sulpicius
1018 3015 1098 3057 Gallus

114 3070 192 3110 consul
207 3070 301 3123 Ligures
319 3071 413 3122 subegit.
433 3070 500 3123 iegati
514 3072 607 3112 Prusiae
625 3072 685 3123 regis
704 3056 779 3123 qdesil
793 3072 846 3111 sunt
860 3068 889 3110 da
903 3068 1015 3119 Eumene,
1037 3066 1098 3121 quod

113 3123 170 3165 dnos
184 3133 238 3165 suos
251 3125 403 3178 popularetur,
419 3124 568 3178 dixeruntque
582 3136 632 3166 eum
647 3126 789 3178 conspirasse
803 3135 853 3164 cnm
867 3122 976 3165 Antiocho
990 3122 1098 3165 adversus

113 3178 222 3231 populum
237 3179 367 3221 Romanum.
383 3181 481 3220 societas
495 3191 544 3220 aum
558 3178 653 3220 Rhodiis
668 3178 840 3232 deprecantibus
855 3179 931 3218 luncts
944 3180 987 3219 est.
1002 3177 1098 3219 lustrum

113 3244 128 3272 a
142 3233 271 3275 censoribus
286 3232 409 3275 eonditum:
424 3244 491 3274 oensa
504 3236 557 3274 sunt
571 3233 653 3275 civium
668 3235 742 3286 capita
755 3235 856 3273 trecenta
869 3233 949 3284 viginti
960 3235 1046 3284 sepiem
1058 3230 1097 3270 mi·

114 3285 145 3325 lia
165 3285 243 3337 viginti
262 3286 319 3338 duo;
339 3289 445 3341 princeps
463 3291 555 3329 senatus
574 3286 647 3328 lectus
660 3286 693 3328 M.
708 3287 815 3328 Aemilios
828 3285 936 3339 Lepidos.
956 3284 1099 3327 Ptolemaaus

113 3340 209 3392 Aegypti
223 3351 271 3390 rex,
286 3341 366 3395 pulsus
380 3353 447 3393 regno
462 3352 475 3382 a
489 3342 573 3383 minore
587 3340 665 3390 fratre,
680 3342 754 3382 missis
768 3340 797 3381 ad
811 3352 859 3381 eum
875 3340 957 3393 legatis
971 3340 993 3379 in
1006 3347 1097 3389 ragnum

113 3394 232 3434 restitutus
250 3399 292 3439 est.
313 3394 441 3445 Ariarathe,
461 3395 618 3449 Cappadociae
636 3405 702 3446 rege,
723 3397 811 3435 mortno
831 3394 890 3436 lilius
905 3397 954 3435 elus
969 3388 1098 3433 Ariarathes

113 3455 207 3497 ragnum
225 3450 322 3501 accepit,
343 3452 366 3490 et
385 3451 503 3491 amicitiam
523 3461 571 3490 cum
591 3447 676 3501 populo
695 3448 793 3490 Romano
812 3459 853 3501 per
871 3447 959 3499 legatos
972 3445 1097 3485 renovarit.

114 3508 151 3538 res
170 3504 285 3551 praeterea
304 3502 413 3544 adversus
427 3504 519 3556 Ligures
537 3508 560 3544 et
575 3504 657 3546 corsos
671 3505 694 3543 et
709 3503 829 3545 Lusitanos
842 3501 904 3542 vario
919 3501 1000 3539 eventu
1015 3500 1096 3549 gestas,

115 3555 137 3592 at
156 3562 231 3595 motus
244 3554 323 3606 Syriae
340 3561 427 3598 mortno
441 3556 564 3609 Antiocho,
585 3560 625 3610 qui
643 3556 712 3598 hlium
726 3554 859 3599 Antiochum
874 3563 966 3606 puerum
980 3551 1097 3593 admodum
