2642 4017
272 275 388 338 Llssltlt
401 274 476 336 xil.
500 277 875 359 cnr.ss.so.[·.c.1u]
1009 280 1069 348 m

79 426 303 491 multitudinem
316 425 506 500 Eupolemus
522 427 613 487 etiam
628 428 741 489 obvius
756 431 888 505 exierat,
904 447 972 493 eum
987 436 1069 496 salu·

79 513 198 576 tatione
218 509 351 584 henigne
372 508 496 584 excepti
516 511 825 588 essentdextrueque
846 513 951 591 datae,
970 516 1069 592 ingre·

81 599 203 658 dientes
217 601 355 669 portem,
376 593 469 652 fidem
492 594 594 656 datam
615 596 758 672 deosque
772 603 868 658 testes
882 600 1070 676 nequiquam

81 681 263 742 invocantes
278 676 429 738 interlecti
443 683 523 737 sunt.
544 679 616 738 inde
630 680 755 755 gravius
771 680 810 742 de
824 682 943 758 integro
955 682 1068 746 bellum

81 761 208 824 exarsit.
237 762 268 821 c.
283 760 427 822 Valerius
445 761 599 823 Laevinus
620 768 651 822 et
662 764 723 838 Ap.
740 763 885 827 claudius
898 765 1026 828 Pulcher
1040 776 1070 829 et

83 848 114 908 C.
129 844 291 907 Memmius
311 852 343 906 et
355 844 395 905 M.
411 845 559 920 Popillius
579 853 612 907 et
623 847 657 906 L.
673 846 837 910 Canuleius
857 849 945 911 missi
965 851 1004 912 ah
1018 867 1070 913 se·

81 936 158 991 natu
168 935 326 990 venerunt
348 929 434 1005 apud
448 944 503 990 eos
518 945 587 990 oum
597 930 725 1006 Delphis
740 932 1008 1009 utriusquepartis
1025 936 1067 996 le

80 1015 144 1090 gali
170 1028 281 1088 magno
307 1014 472 1073 eertumine
495 1020 634 1090 agerent,
657 1014 818 1076 Proxenus
843 1017 973 1078 maxime
998 1035 1068 1080 eum

82 1113 178 1159 eausa
191 1102 255 1158 tum
266 1096 442 1172 eloquentia
451 1105 610 1172 praestare
623 1098 711 1159 visus
722 1105 785 1169 est3
801 1099 854 1176 qui
864 1116 984 1177 pensos
994 1110 1068 1178 post

81 1182 151 1243 dies
165 1181 204 1242 ab
213 1179 385 1256 ,Orssrobula
398 1196 496 1242 uxore
506 1197 627 1242 veneno
638 1189 688 1243 est
698 1183 848 1260 sublatus,
860 1184 1065 1263 damnataque

82 1280 121 1327 eo
136 1265 261 1325 erimine
275 1264 306 1323 in
320 1263 464 1325 exsilium
477 1264 559 1326 ahiit
580 1265 662 1326 idem
675 1268 760 1328 furor
770 1274 802 1328 et
812 1267 974 1330 Cretenses
985 1272 1065 1331 lece

80 1350 179 1410 rabat.
202 1348 336 1408 adventu
358 1348 470 1408 deinde
484 1347 519 1424 Q.
533 1349 657 1410 Minucii
677 1349 784 1427 legati,
806 1352 861 1427 qui
874 1367 946 1413 oum
958 1353 1065 1414 decem

81 1433 214 1493 navibus
226 1431 344 1493 missus
353 1431 394 1492 ed
406 1432 545 1493 sedanda
555 1449 662 1494 eorum
675 1434 840 1496 certamina
850 1442 923 1510 erat,
936 1435 966 1495 in
978 1451 1066 1512 spem

80 1517 170 1593 pacis
194 1521 353 1576 venerant
389 1522 523 1576 eeterum
548 1517 685 1578 indutiae
709 1523 826 1580 uotum
849 1534 907 1579 sex
925 1534 1066 1581 mensum

81 1602 219 1661 lueruntz
240 1599 313 1660 inde
326 1600 422 1661 multo
435 1599 560 1676 gravius
571 1601 685 1662 bellum
697 1601 820 1662 exarsit.
841 1601 929 1680 Lycii
942 1618 1067 1678 quoque

80 1684 234 1760 peridem
247 1689 372 1758 tempus
384 1683 423 1744 ab
434 1683 566 1744 Rhodiis
577 1684 658 1744 bello
673 1685 873 1748 vexabantur.
894 1686 952 1746 sed
966 1694 1063 1749 exter·

81 1784 191 1828 norum
205 1766 285 1828 inter
298 1782 334 1828 se
349 1767 439 1842 heila,
457 1783 520 1843 quo
535 1782 678 1844 quaeque
691 1768 785 1830 modo
799 1777 887 1845 geste
900 1777 982 1846 sunt
995 1787 1064 1846 per-

81 1851 173 1928 sequi
188 1867 249 1911 non
264 1866 379 1926 operae
392 1857 442 1912 est
454 1850 531 1912 satis
546 1867 704 1929 superque
720 1853 822 1914 oneris
837 1855 998 1916 sustinenti
1013 1871 1066 1917 res

81 1952 101 1996 a
115 1937 233 2012 populo
246 1936 386 1996 Romano
401 1943 506 2011 gestas
522 1936 668 1997 seribere.

166 2019 273 2079 XXVl.
296 2019 437 2080 celtiberi
457 2019 488 2080 iu
501 2020 665 2096 Hispania,
689 2021 742 2097 qui
755 2020 836 2082 hello
851 2021 957 2082 domiti
973 2037 1008 2082 se
1022 2023 1065 2081 Ti.

82 2103 222 2164 Grsoeho
236 2103 428 2177 audeant
441 2102 544 2179 pecati
557 2113 732 2167 manserant
743 2105 785 2165 M.
800 2104 908 2166 Titinio
922 2113 1066 2179 praetore

81 2187 239 2248 obtinente
252 2186 451 2263 provinciam,
462 2188 648 2250 rebellarunt
658 2188 717 2249 suh
729 2189 893 2250 adventum
904 2190 964 2264 Ap.
978 2187 1065 2250 clau·

83 2271 142 2346 dii,
164 2273 290 2347 orsique
304 2271 419 2331 bellum
439 2279 512 2333 siant
525 2273 565 2332 ah
586 2272 748 2349 repentina
771 2275 1000 2350 oppugnatione
1016 2288 1064 2333 ou·

81 2355 437 2417 strommliomanorum.
453 2355 553 2431 prima
565 2359 619 2417 lux
632 2357 727 2418 terme
742 2364 816 2433 erat,
831 2372 901 2418 oum
911 2356 1019 2432 vigiles
1034 2358 1065 2418 iu

80 2440 162 2499 vallo
178 2440 293 2516 quique
308 2439 338 2498 in
354 2444 510 2515 portarum
524 2440 706 2503 stelionibus
721 2447 816 2517 mant,
832 2457 901 2502 oum
914 2439 1067 2503 vidissent

80 2525 191 2598 proeol
204 2524 376 2583 venientem
390 2522 527 2599 hostem,
545 2526 585 2585 ed
600 2541 685 2586 mma
698 2528 977 2587 conclamaverunt
1003 2527 1064 2601 Ap.

81 2606 229 2668 claudius
243 2608 334 2682 signo
347 2607 511 2682 proposito
525 2623 656 2684 pugnae,
672 2611 780 2686 pausis
794 2609 973 2672 adhortatus
988 2608 1064 2670 mili·

79 2699 143 2765 tes,
163 2691 262 2752 tribus
282 2689 373 2752 simu
392 2692 493 2767 portis
512 2692 628 2753 eduxit
659 2694 879 2755 obsistentibus
896 2694 937 2754 ad
951 2694 1065 2755 exitum

80 2774 240 2835 Celtiberis
255 2775 354 2850 primo
368 2791 426 2850 per
438 2775 591 2852 utrimque
605 2778 756 2851 proelium
771 2777 835 2852 luit,
853 2778 1065 2853 quiapropter

80 2855 239 2932 angustias
261 2875 323 2920 non
345 2875 452 2920 omnes
472 2859 503 2918 in
524 2860 664 2921 laueihus
684 2876 823 2936 pugnare
843 2866 983 2936 poterant
1002 2861 1064 2921 Ro·

80 2942 178 3001 mani:
205 2949 350 3018 urgentes
371 2942 484 3003 deinde
503 2944 555 3004 alii
576 2943 654 3004 alios
675 2945 774 3005 sicubi
799 2952 963 3006 evaserunt
978 2953 1066 3005 extra

80 3026 203 3099 venum
223 3036 255 3087 ut
269 3028 407 3102 pendere
424 3026 522 3088 aciem
535 3035 567 3087 et
579 3027 748 3103 exaequari
762 3025 907 3090 cornibus
921 3027 1063 3101 hostiurn,

81 3110 194 3186 quihus
210 3111 460 3183 circumibuntur,
478 3118 622 3187 possent,
637 3110 680 3172 ita
693 3119 820 3187 repente
833 3112 1017 3188 irruperunt,
1032 3118 1066 3173 ut

80 3194 233 3254 sustinere
248 3195 395 3270 impetum
410 3211 516 3256 eorum
528 3193 668 3257 celtiberi
682 3196 852 3271 nequirent
873 3203 943 3256 ante
957 3196 1064 3258 horam

79 3278 248 3338 seeundum
263 3278 345 3354 pulsi
357 3285 443 3339 sunt:
459 3279 499 3338 ad
511 3279 687 3355 quindecim
697 3281 779 3341 milia
789 3296 878 3342 caesa
892 3287 946 3340 out
959 3287 1063 3355 captat

79 3361 170 3436 signa
183 3362 328 3438 adempta
343 3363 405 3424 (luo
422 3370 452 3423 et
465 3363 595 3438 triginta.
630 3371 732 3425 esstra
745 3365 835 3425 etiarn
850 3379 887 3423 eo
903 3364 953 3422 die
967 3377 1062 3435 expu-

78 3453 186 3519 gnata,
213 3446 475 3523 debellatumque=
507 3449 650 3522 namqui
671 3449 852 3524 superfuere
873 3444 1006 3521 proelio,
1032 3443 1064 3500 iu

78 3529 196 3603 oppida
211 3545 269 3589 sua
283 3530 393 3605 dilapsi
410 3535 490 3589 sunt.
513 3532 606 3606 quieti
620 3532 733 3592 deinde
747 3535 914 3607 paruerunt
925 3525 1062 3601 imperio.
