2642 4017
236 283 300 348 seo
403 283 520 345 rmus
532 282 623 343 xiv.
639 281 723 344 cnr.
737 289 837 348 rum
852 286 1047 356 [sussen

238 445 359 515 portum
384 434 531 497 inclutum
555 434 686 496 statione
711 435 867 511 quondam
889 435 971 496 mille
990 435 1113 497 navium
1132 441 1216 514 Aga·

237 519 429 582 memnonias
442 516 563 592 elassis,
577 518 756 595 Dianaeque
768 518 924 594 templum,
938 517 991 579 ubi
1002 519 1134 581 navibus
1146 535 1216 582 eur·

190 669 194 675 ,
237 619 306 667 sum
325 603 366 665 ad
383 603 503 664 ‘ihoium
524 601 587 663 fllia
605 601 730 663 vietimu
748 604 811 663 uris
831 602 956 664 admota
974 618 1031 663 rum
1045 602 1096 664 ille
1108 618 1216 679 regum

234 691 327 768 petiit
348 687 418 749 etde
429 686 559 763 Oropus
572 685 693 746 Atticae
705 693 831 747 rentur
844 691 903 759 est,
915 684 970 747 ubi
983 703 1040 762 pro
1055 687 1117 749 deu
1126 695 1215 749 vetes

237 771 382 848 antiquus
397 770 508 832 eolitm
520 769 732 846 templumque
743 775 898 832 ruuemm
908 776 967 846 est,
979 769 1116 833 ionibus
1126 768 1216 832 rivis·

238 870 300 934 que
313 856 396 917 eirea
408 868 581 915 amoenum.
595 852 735 915 Atheum
746 852 819 915 iude
830 853 939 930 plenus
951 854 1077 931 quidem
1087 862 1120 915 et
1128 854 1217 930 ipsas

238 945 390 1002 vetustate
409 937 526 1009 lamae,
549 938 644 999 multe
657 943 758 999 tumen
772 937 903 999 visenda
915 936 1081 1014 hahentes,
1102 952 1216 1014 aroem,

238 1029 360 1100 portus,
381 1036 486 1082 muros
500 1020 658 1082 Piraeeum
673 1020 742 1082 mhi
756 1020 932 1097 iungentes,
953 1022 1074 1083 navalia
1088 1037 1215 1097 magno·

236 1121 304 1167 rum
317 1105 543 1181 imperatorum,
564 1104 729 1166 simmaea
741 1105 870 1167 deorum
883 1104 1111 1183 hominumque,
1132 1102 1215 1168 omui

237 1203 350 1266 genere
363 1194 395 1249 et
407 1188 551 1249 materiae
564 1195 595 1250 et
612 1188 723 1250 ortium
736 1186 878 1265 insignia
903 1187 1040 1250 xxviii
1060 1186 1216 1251 marineio

236 1272 393 1335 Minervae
412 1271 547 1349 praesidi
568 1271 650 1334 aruis
669 1272 700 1332 in
719 1272 797 1334 urbe
815 1272 897 1334 laeto
912 1272 1086 1349 protentus,
1109 1271 1215 1333 Corin·

237 1356 320 1419 dium
342 1356 437 1419 altero
460 1355 510 1417 die
531 1355 682 1432 pervenit
701 1356 777 1418 urbs
798 1361 865 1417 eret
884 1361 957 1417 tuoe
971 1357 1131 1433 praeclara
1144 1362 1216 1417 ante

237 1439 407 1510 excidium
421 1455 478 1500 arx
490 1445 654 1517 quoquest
663 1439 797 1502 Isthmus
809 1439 978 1515 praebuere
989 1440 1214 1515 spectuemnrnz

237 1541 293 1585 arx
306 1525 386 1586 intre
397 1523 520 1586 moenia
538 1520 570 1583 in
591 1522 753 1584 immanem
767 1520 955 1585 altitudinem
969 1522 1066 1598 edite,
1089 1529 1214 1585 sentens

237 1606 389 1677 lontibus;
409 1606 544 1669 isthmus
558 1606 620 1668 duo
634 1604 732 1667 maria
745 1607 785 1667 ah
801 1622 917 1669 oerum
930 1614 961 1669 et
975 1612 1045 1669 ortu
1059 1605 1134 1669 solis
1146 1604 1214 1667 hni-

237 1693 310 1752 uma
332 1691 406 1752 artis
431 1690 571 1752 louclbus
596 1690 752 1752 dirimens.
782 1690 949 1768 Sicyonem
968 1690 1041 1752 iude
1061 1697 1092 1751 et
1110 1690 1214 1765 Argos

237 1773 357 1834 nobiles
370 1773 464 1834 urbes
477 1773 557 1844 adin
580 1774 653 1835 inde
673 1773 757 1836 haud
770 1790 877 1851 potem
890 1774 1001 1851 opibus
1014 1774 1216 1850 Epidaurum,

236 1858 294 1920 sed
307 1855 451 1918 inclutam
465 1857 642 1935 Aesemapti
656 1856 751 1919 nobili
765 1860 889 1936 templo,
904 1858 991 1935 quod
1003 1855 1142 1933 quinque
1156 1855 1213 1917 mi-

236 1941 317 2004 lihus
332 1957 481 2017 passuum
495 1941 535 2003 ah
548 1942 625 2003 urbe
637 1941 756 2004 distans
774 1958 856 2004 nune
869 1940 1008 2019 vasonis
1020 1942 1214 2003 revolsorum

95 2023 105 2044 ‘
194 2037 198 2042 ⁴
237 2027 402 2102 donorum,
425 2033 489 2088 tum
507 2023 599 2088 donis
613 2026 702 2088 dives
716 2034 795 2102 erat,
817 2041 898 2103 quae
911 2025 1116 2087 remediorum
1131 2026 1215 2087 selu·
1319 2028 1321 2045 ⁴

236 2110 345 2173 tarium
365 2110 450 2187 aegri
469 2110 642 2173 mereedem
663 2117 862 2173 sacraverant
881 2111 951 2173 deo.
973 2109 1044 2171 inde
1058 2109 1214 2171 heredae·

237 2209 358 2256 monem
372 2195 444 2270 adit,
459 2210 522 2256 oon
538 2210 666 2272 operum
680 2194 905 2271 mugnidoentia
918 2193 977 2255 sed
991 2193 1154 2270 disciplina
1167 2194 1212 2253 iu·

237 2277 412 2355 stitutisque
424 2278 662 2354 memorabilem,
677 2293 717 2339 ae
727 2278 921 2349 Patiundum
942 2277 1026 2339 unde
1040 2292 1097 2353 per
1109 2276 1212 2353 illega-

236 2361 363 2439 lopolim
378 2360 551 2441 Oiympiam
565 2362 714 2424 escendit
732 2363 784 2424 ubi
796 2369 828 2423 et
838 2361 897 2423 elia
907 2361 1032 2439 quiden
1041 2360 1213 2436 medianda

234 2445 313 2521 visa,
328 2454 359 2507 et
370 2445 475 2505 lovem
485 2445 570 2505 velut
584 2453 778 2519 praesentem
792 2446 913 2510 intuens
928 2451 1031 2507 motus
1040 2443 1142 2505 animo
1154 2450 1212 2505 est

236 2529 338 2605 itaque
351 2528 435 2588 haud
447 2542 540 2587 secus
555 2542 647 2601 quum
658 2526 686 2587 si
697 2527 727 2586 in
739 2528 888 2604 capitolio
899 2529 1109 2591 immolaturus
1119 2535 1211 2602 esset,

237 2610 421 2670 sacrificinm
442 2607 575 2684 amplius
594 2610 687 2671 solito
695 2613 849 2687 apparari
869 2611 967 2677 iussit
989 2611 1031 2673 ita
1051 2618 1213 2688 peregrata

238 2690 376 2766 Graecia,
396 2699 430 2754 ut
443 2690 517 2752 nihil
532 2708 639 2755 eorrun
654 2709 735 2770 quae
749 2695 882 2771 quisque
895 2696 999 2758 Persei
1011 2695 1093 2756 heito
1108 2694 1211 2771 priva-

234 2775 287 2838 tinr
301 2782 353 2836 aut
371 2774 494 2853 publice
508 2775 660 2839 sensisset
672 2777 854 2855 inquireret,
876 2797 918 2842 ue
929 2780 1019 2842 euius
1031 2786 1114 2840 metu
1128 2778 1212 2840 solli·

234 2859 342 2923 uitaret
356 2860 474 2923 animos
488 2861 653 2938 seriorum,
671 2863 892 2925 Demetriadem
907 2880 978 2926 emu
989 2863 1159 2936 revertitur,
1180 2861 1212 2923 in

235 2943 342 3005 itinere
360 2945 519 3008 sordidato
542 2947 632 3009 turba
650 2949 829 3011 Aetolorum
851 2946 999 3019 ooeurritq
1030 2946 1212 3021 mirantique

235 3035 266 3088 et
280 3031 499 3104 percunctanti,
516 3030 591 3106 quid
604 3038 698 3107 esset,
714 3033 849 3094 delentur
864 3032 1049 3108 quingentos
1060 3030 1210 3106 quinque

235 3111 318 3188 ginta
333 3113 490 3189 principes
505 3114 545 3175 sb
558 3113 692 3193 Lycisco
706 3124 736 3177 et
746 3114 873 3191 Tisippo
886 3115 1091 3178 oiroumsesso
1102 3119 1212 3175 meatu
1317 3168 1321 3189 ,

236 3211 292 3272 per
302 3194 412 3258 milites
424 3196 582 3259 Romanos
598 3199 715 3260 missos
727 3199 767 3260 eh
777 3200 815 3259 li.
827 3196 942 3260 Beehio
953 3199 1111 3276 praelecto
1121 3212 1210 3273 prae

235 3277 306 3342 sidii
320 3280 513 3352 interlectos,
539 3281 617 3344 alios
636 3280 668 3343 in
689 3281 830 3343 exsilium
849 3289 937 3344 aetus
952 3298 1041 3357 esse,
1065 3282 1211 3357 bonaque

235 3380 342 3426 eorum
363 3364 415 3440 qui
435 3363 585 3424 interlecti
604 3378 712 3426 essent
731 3372 762 3426 et
775 3366 917 3427 exsulum
932 3364 1098 3442 possideri
1116 3364 1211 3426 iussis

236 3448 288 3523 qui
309 3448 512 3521 arguebantur
531 3441 738 3522 Amphipolim
762 3449 877 3511 adessa
896 3450 966 3525 ipse
984 3457 1138 3510 convento
1155 3446 1211 3508 cn.

235 3528 361 3591 Oetuvio
372 3528 574 3602 Demetriade,
589 3537 756 3604 postquam
768 3531 848 3589 lama
860 3532 970 3592 oooidlt
980 3530 1140 3591 traiecisse
1149 3531 1211 3591 iam
