2642 4017
292 285 408 346 LIBER
428 285 517 347 XLV.
542 288 624 348 CAP.
640 297 666 351 o.
681 299 722 350 ro.
738 295 775 362 [a.
791 295 824 349 c.
840 295 901 363 too]
1027 289 1087 354 adl

108 438 250 513 Europae
264 453 299 496 se
313 445 413 497 tamen
430 437 541 499 linibus
557 438 718 515 continuit,
742 441 898 503 Graeciam
921 459 1041 505 omnem
1062 452 1092 505 et

106 529 223 596 partem
230 520 477 595 Thraciaeatque
485 522 787 600 lllyriciamplexum.
801 526 974 601 superludit
980 528 1091 587 deinde

107 622 142 666 se
152 607 182 665 in
190 604 306 677 Asiam,
319 610 350 664 et
359 605 505 665 tredecim
517 607 615 682 annis,
631 607 744 681 quibus
755 610 932 670 Alexander
942 610 1089 685 regnavit,

107 690 237 765 primum
253 687 364 762 omnia,
381 705 442 762 qua
455 688 618 752 Persarum
636 707 736 766 prope
754 692 902 754 immenso
921 694 1021 768 spatio
1037 695 1087 753 im·

106 771 226 848 perium
237 772 345 845 luerat,
362 787 438 832 suae
449 772 578 834 dicionis
590 773 671 847 lecit,
686 775 807 836 Arabas
819 775 890 837 lrinc
901 777 1090 852 Indiamque,

108 872 169 931 qua
197 863 344 916 terrarum
370 854 492 917 ultimos
517 857 595 917 fines
623 857 760 919 Rubrum
780 874 864 920 mare
890 861 1090 936 amplectitur,

107 939 292 1016 peragravit.
328 947 390 999 tum
405 936 570 1001 maximum
591 941 620 1000 in
640 936 729 1003 te'rris
742 942 948 1004 Macedonum
964 960 1090 1019 regnum

106 1038 290 1097 nomenque,
303 1022 374 1082 inde
382 1031 477 1084 morte
484 1023 651 1085 Alexandri
660 1025 838 1087 distractum
846 1027 878 1086 in
885 1028 978 1087 multa
984 1042 1089 1102 regna,

111 1107 182 1167 dum
198 1106 238 1165 ad
253 1121 288 1175 se
303 1105 436 1180 quisque
451 1123 528 1183 opes
541 1109 676 1184 rapiunt,
698 1111 867 1171 lacerantes
883 1112 950 1172 suis
963 1111 1090 1183 viribus,

107 1207 127 1250 a
141 1204 260 1250 summo
273 1189 403 1250 culmine
413 1191 553 1252 fortunae
564 1192 603 1251 ad
615 1193 751 1253 ultimum
762 1193 853 1254 finem
866 1201 987 1254 eentum
1003 1194 1088 1268 quin·

109 1274 254 1349 quaginta
268 1288 367 1334 annos
383 1275 474 1335 stetit.

192 1358 228 1418 X.
251 1358 1089 1434 VictoriaeRomanaelamacumpervasissetinAsiam,

108 1445 254 1513 Antenor,
271 1441 403 1516 quicum
416 1443 517 1502 classe
531 1443 699 1502 lemborum
711 1444 751 1502 ad
762 1442 882 1503 Phanas
894 1442 1003 1514 stabat,
1017 1440 1086 1501 cas·

107 1525 264 1587 sandriam
277 1525 348 1584 inde
362 1525 487 1585 traiecit.
524 1524 555 1584 C.
570 1524 734 1600 Popillius,
757 1525 809 1600 qui
826 1526 866 1585 ad
880 1526 987 1585 Delum
1002 1541 1091 1601 prae-

15 1600 26 1611 ’
50 1678 54 1682 ,
108 1609 188 1671 sidio
205 1607 334 1670 navibus
349 1608 562 1669 Macedoniam
578 1609 752 1683 petentibus
767 1616 840 1683 erat,
857 1616 1022 1684 postquam
1037 1609 1086 1668 de·

106 1693 252 1754 bellatum
278 1692 308 1752 in
332 1690 515 1753 Macedonia
539 1700 570 1752 et
598 1692 730 1754 statione
759 1699 928 1753 summotos
957 1692 1091 1753 hostium

39 1782 45 1790 ‘
108 1778 226 1838 lembos
242 1774 366 1850 audivit,
387 1775 523 1836 dimissis
548 1783 577 1835 et
602 1777 671 1851 ipsa
690 1776 799 1836 Atticis
821 1777 951 1836 navibus
967 1777 1006 1836 ad
1021 1791 1090 1836 sus·

109 1867 228 1935 ceptam
266 1858 448 1935 legationem
489 1855 694 1939 peragendam
735 1860 881 1934 navigare
913 1862 1091 1938 Aegyptum

110 1945 216 2021 pergit,
237 1951 270 2005 ut
296 1943 383 2018 prius
410 1959 570 2004 occurrere
603 1942 757 2004 Antiocho
785 1950 907 2018 posset,
939 1942 1092 2018 quemad

109 2028 322 2089 Alexandreae
346 2026 468 2088 moenia
488 2028 658 2087 accederet.
701 2041 769 2086 cum
785 2026 1090 2102 praeterveherentur

109 2113 216 2172 Asiam
231 2111 321 2186 legati
332 2117 363 2172 et
373 2112 507 2188 Loryma
518 2110 684 2185 venissent,
697 2110 749 2185 qui
761 2116 869 2184 portus
881 2106 988 2184 viginti
998 2108 1091 2181 paulo

111 2195 242 2269 amplius
257 2195 339 2254 milia
354 2196 393 2256 ab
410 2195 521 2256 Rhodo
537 2194 633 2269 abest,
649 2210 689 2254 ex
704 2194 835 2254 adverso
851 2192 919 2253 urbi
933 2191 992 2267 ipsi
1007 2190 1101 2265 posi.

111 2286 167 2351 tus,
184 2279 341 2355 principes
352 2278 542 2340 Rhodiorum
556 2285 774 2338 occurrunt-
787 2276 846 2336 iam
862 2276 941 2337 enim
957 2291 994 2334 eo
1014 2289 1090 2349 quo-

111 2379 171 2439 que
192 2363 339 2424 victoriae
360 2363 441 2424 lama
462 2363 579 2437 perlata
598 2368 664 2421 erat
676 2395 720 2410 -
742 2367 880 2434 orantes,
902 2366 936 2420 ut
948 2357 1091 2419 Rhodum

111 2447 347 2507 deveherentur=
363 2447 515 2521 pertinere
528 2446 560 2506 id
571 2446 612 2505 ad
624 2448 734 2506 lamam
746 2445 938 2519 salutemque
952 2439 1092 2514 civitatis,
1132 2453 1135 2458 ·

110 2530 335 2605 noscereipsos
344 2529 454 2605 omnia
467 2545 547 2605 quae
558 2536 627 2590 acta
633 2536 740 2592 essent
750 2535 975 2603 agerenturque
982 2523 1092 2597 Rhodi,

110 2622 141 2673 et
160 2621 318 2688 comperta
338 2629 392 2688 per
414 2628 466 2687 se,
487 2629 549 2674 uon
570 2616 693 2688 vulgata
708 2614 796 2687 lama,
818 2613 946 2674 Romam
965 2609 1091 2669 reterre.

111 2696 164 2755 diu
178 2703 326 2769 negantes
341 2697 548 2771 perpulerunt,
566 2703 599 2756 ut
618 2713 736 2757 moram
749 2694 952 2771 navigationis
967 2693 1093 2753 brevem

112 2793 168 2851 pro
191 2779 289 2836 salute
308 2776 413 2837 sociae
436 2778 521 2837 urbis
539 2784 722 2852 paterentur.
764 2785 926 2853 postquam
950 2775 1093 2838 Rhodum

111 2868 234 2920 ventum
263 2867 324 2932 est,
355 2860 385 2918 in
413 2859 585 2920 contionem
605 2875 731 2935 quoque
752 2875 808 2920 eos
833 2860 925 2920 iidem
951 2859 1093 2934 precibus

112 2950 333 3020 pertraxerunt.
368 2943 519 3003 adventus
537 2944 704 3018 legatorum
729 2943 813 3001 anxit
833 2943 935 3016 potius
956 2942 1092 3002 timorem

110 3028 224 3089 civitati
239 3043 331 3102 quam
345 3024 467 3087 minuit:
489 3027 589 3086 omnia
610 3026 690 3085 enim
705 3024 860 3099 Popillius,
885 3040 964 3100 quae
981 3024 1092 3100 singuli

111 3112 308 3187 universique
323 3127 360 3172 eo
374 3110 456 3172 bello
477 3109 627 3172 hostiliter
640 3108 781 3169 dixerant
801 3110 1012 3184 lecerantque,
1033 3115 1093 3169 ret·

111 3198 184 3271 tulit,
200 3204 231 3257 et
240 3195 288 3256 vir
299 3211 393 3272 asper
403 3193 526 3271 ingenio
539 3193 671 3270 augebat
680 3192 868 3254 atrocitatem
880 3207 995 3267 eorum,
1014 3206 1094 3268 quae

110 3280 298 3352 dicerentur,
322 3281 407 3340 vultu
420 3279 498 3339 truci
513 3286 543 3338 et
557 3277 749 3338 accusatoria
763 3291 856 3348 voce,
879 3283 912 3337 ut
932 3293 1001 3338 cum
1022 3290 1093 3349 pro·

111 3365 196 3438 priae
211 3363 372 3426 simultatis
387 3364 469 3423 nulla
488 3377 584 3423 causa
599 3377 668 3422 cum
683 3360 804 3421 civitate
818 3367 917 3433 esset,
942 3375 982 3418 ex
1002 3356 1093 3415 unius

110 3449 262 3509 senatoris
276 3447 406 3509 Romani
421 3445 596 3518 acerbitate,
611 3444 710 3521 qualis
725 3445 754 3503 in
772 3460 807 3505 se
821 3441 956 3503 universi
968 3443 1092 3498 senatus

110 3535 228 3592 animus
248 3538 342 3604 esset,
358 3531 572 3591 coniectarent.
606 3528 637 3588 C.
651 3529 778 3589 Decimii
792 3520 978 3586 moderatior
993 3520 1088 3582 oratio
