2642 4017
243 252 304 317 roo
416 251 533 313 amne
542 251 643 312 xmu.
667 244 1034 345 carcanensem
1133 274 1163 336 χ

242 420 316 465 sens
338 400 455 463 audivit
477 418 569 478 quam
583 402 614 460 in
628 401 788 462 absentem
801 400 881 462 iacta
895 409 1000 471 emam
1021 408 1052 461 et
1065 400 1232 475 graviores

242 487 495 565 potentioresque
516 499 680 545 accessere
694 490 894 546 accusatores
909 484 972 547 duo
987 484 1232 561 tribuniplebis,

240 570 291 632 Μ’.
313 570 470 632 luventius
489 568 606 629 liralna
625 575 656 628 et
677 567 729 629 cn.
755 567 908 629 Aufidius.
938 568 959 628 ii
980 566 1093 628 nonin
1115 575 1234 630 senatu

241 655 335 717 modo
354 660 424 715 eum
445 654 633 726 lacerarunt,
655 651 759 712 sedin
774 650 949 714 contionem
963 652 1054 713 etiam
1068 659 1231 727 pertracto

241 738 343 801 multis
359 736 486 798 obiectis
501 736 623 812 probris
638 734 720 795 diem
731 736 883 798 ‹imeruut
898 743 1024 797 senatus
1037 735 1126 798 iussu
1138 734 1231 795 chal·
1259 788 1262 795 ,

242 820 422 884 citiensibus
437 822 472 896 Q.
487 820 627 881 Maenius
642 825 768 896 praetor
781 820 951 896 respondit,
973 835 1053 896 qnae
1067 820 1148 879 bene
1162 834 1230 879 me·

241 908 317 968 ritos
338 920 411 966 sese
432 913 462 966 et
482 912 552 965 ante
572 910 604 964 et
616 900 649 964 in
663 918 702 964 eo
716 902 797 964 bello
813 904 898 980 quod
912 911 1037 979 geratur
1052 903 1091 965 de
1105 904 1231 978 populo

240 991 380 1053 Romano
401 988 518 1061 dicant,
540 1003 578 1047 ea
591 993 622 1048 et
635 987 717 1048 scire
729 1001 804 1047 vere
818 1003 874 1048 eos
887 987 1005 1048 reterre
1020 993 1170 1062 senatum,
1197 994 1231 1047 et

241 1072 370 1149 perinde
390 1086 427 1130 ac
448 1070 580 1132 debeant
599 1077 686 1145 grets
700 1078 781 1131 esse.
811 1072 1020 1147 quaefactae
1035 1070 1066 1132 0.
1080 1070 1228 1138 Lucretio

241 1153 371 1230 fierique
393 1154 432 1215 ab
450 1153 485 1213 L.
498 1153 665 1215 Hortensio
679 1154 873 1231 praetoribus
887 1155 1034 1216 Romanis
1049 1160 1228 1231 querantur,

241 1255 279 1300 ea
300 1253 402 1314 neque
421 1239 502 1298 lacta
521 1252 622 1314 neque
641 1237 709 1299 fieri
729 1239 886 1301 voluntate
907 1246 1033 1300 senatus
1055 1253 1148 1315 quem
1161 1253 1229 1298 non

242 1339 339 1400 posse
353 1321 538 1396 existimare,
553 1323 606 1397 qui
621 1322 699 1385 sciat
711 1322 823 1383 bellum
833 1322 939 1384 Persei
952 1330 983 1384 et
997 1328 1068 1383 ante
1081 1321 1234 1398 Philippo

241 1408 321 1485 patri
332 1407 399 1467 eius
413 1406 552 1467 intulisse
566 1406 716 1481 populum
726 1407 898 1468 Romanum
909 1421 967 1482 pro
979 1406 1119 1468 libertate
1131 1406 1228 1467 Grae

242 1493 317 1566 cine,
333 1507 394 1552 non
409 1497 443 1552 ut
456 1505 495 1550 ea
506 1505 525 1550 a
537 1488 766 1565 magistratibus
781 1488 858 1552 socii
872 1495 964 1566 atque
979 1489 1068 1551 amici
1082 1496 1228 1565 pateren-

242 1583 312 1638 turt
330 1575 446 1636 litteras
457 1590 493 1634 se
504 1573 544 1634 ed
556 1573 589 1632 L.
600 1574 798 1635 Hortensium
809 1582 984 1650 praetorem
998 1574 1126 1636 dcturos
1142 1590 1228 1649 esse,

243 1674 323 1734 quae
345 1657 563 1720 Chalcidenses
585 1665 752 1733 querantur
772 1666 856 1735 acta,
883 1674 921 1719 ee
940 1656 1061 1720 senatui
1081 1658 1229 1734 nonpla·

242 1758 331 1811 cere;
358 1742 386 1801 si
407 1741 460 1817 qui
481 1741 512 1801 in
533 1742 710 1803 servitutem
731 1741 819 1803 liberi
838 1743 1011 1816 venissent,
1031 1749 1135 1804 utens
1151 1758 1228 1804 con-

244 1825 413 1903 quirendos
443 1823 542 1900 primo
575 1841 702 1902 quoqne
732 1831 871 1902 tempore
894 1824 1169 1902 restituendosque
1194 1826 1228 1887 in

242 1910 411 1971 libertatem
426 1916 563 1980 curarete
582 1910 738 1980 sociorum
752 1910 908 1972 navalium
922 1907 1084 1987 neminem,
1102 1917 1230 1986 praeter

242 1994 416 2069 magistros,
431 1993 462 2054 in
476 1992 612 2070 hospitis
626 1993 738 2057 deduci
753 2008 885 2069 aequum
899 2008 1037 2056 censere.
1052 1993 1131 2055 haec
1146 1994 1227 2056 llor-

241 2078 341 2141 tensio
356 2078 445 2141 iussu
459 2084 586 2140 senatus
600 2077 725 2153 scripta.
754 2092 882 2138 munera
895 2078 999 2141 binum
1015 2077 1130 2138 milium
1144 2078 1228 2138 aeris

242 2163 350 2238 legatis
366 2161 470 2235 missa
487 2170 517 2224 et
530 2161 673 2223 vehicula
685 2160 867 2241 Micythioni
882 2162 1006 2237 publice
1019 2162 1129 2236 locata,
1145 2177 1229 2236 quae

243 2263 314 2308 eum
333 2247 531 2307 Brundisium
558 2247 720 2308 commode
745 2245 957 2323 percellerent
987 2245 1019 2306 0.
1040 2245 1228 2322 Lucretium,

136 2330 139 2337 '
241 2332 294 2392 ubi
315 2330 383 2392 dies
405 2347 486 2409 quae
500 2328 582 2391 dicta
597 2338 664 2392 erat
676 2328 768 2405 venit,
789 2329 901 2392 tribuni
916 2330 955 2391 ad
970 2331 1122 2406 populum
1134 2345 1228 2391 cocu

243 2424 358 2488 serunt,
373 2415 561 2488 multamque
575 2413 703 2475 deciens
718 2420 838 2475 centum
853 2414 967 2476 milium
978 2414 1060 2475 aeris
1071 2414 1229 2475 dixerunt.
1283 2407 1288 2412 ’

238 2498 373 2562 ¹comitiis
387 2495 498 2557 habitis
513 2511 620 2556 omnes
634 2497 771 2572 quinque
785 2504 817 2558 et
827 2498 948 2574 triginta
959 2498 1057 2559 tribus
1069 2512 1139 2558 eum
1150 2513 1227 2558 con·

243 2584 434 2642 demnerunl.

328 2663 379 2723 IX.
402 2663 436 2722 ln
456 2660 621 2737 Liguribus
642 2677 681 2724 eo
697 2679 778 2726 anno
794 2664 869 2725 ndril
882 2662 1081 2726 memorabile
1094 2670 1227 2739 gestum.

244 2765 313 2809 nam
328 2761 386 2807 nec
400 2746 509 2808 hostes
522 2756 685 2809 moverunt
703 2763 803 2823 arma,
825 2763 929 2824 neque
949 2750 1059 2812 consul
1073 2749 1105 2809 in
1119 2762 1228 2823 egnum

244 2848 352 2894 eorum
366 2832 504 2906 legiones
519 2831 654 2903 induxit;
670 2841 701 2894 et
715 2831 791 2893 satis
802 2832 963 2909 explorata
974 2847 1054 2909 pace
1064 2831 1132 2893 eius
1144 2831 1226 2905 anni,

244 2916 353 2979 milites
369 2917 499 2977 duarum
515 2917 667 2992 legionum
682 2914 976 2979 Romanarumintrn
986 2916 1054 2977 dies
1065 2915 1227 2990 sexaginta

245 3017 336 3077 quam
358 3000 388 3061 in
403 3001 594 3076 provinciam
607 3000 691 3063 venit
705 3000 827 3062 dimisit.
851 3001 1007 3063 sociorum
1021 2999 1154 3060 nominis
1168 2998 1226 3059 La·

244 3085 298 3148 tini
318 3086 456 3146 exercitu
476 3092 593 3147 mature
612 3084 644 3145 in
665 3085 793 3146 hiberna
805 3085 924 3146 Lunam
938 3091 969 3146 et
981 3084 1069 3145 Pisas
1084 3083 1226 3157 deducto,

245 3168 314 3244 ipse
334 3184 404 3231 curn
424 3169 577 3244 equitibus
600 3169 715 3230 Galliae
741 3169 920 3246 provinciae
939 3169 1088 3246 pleraque
1111 3165 1234 3242 oppida·

246 3250 327 3314 adiit.

329 3335 488 3410 Nusquam
508 3335 579 3396 alibi
596 3351 688 3410 quom
701 3335 732 3395 in
747 3335 930 3397 Macedonis
944 3336 1058 3399 bellurn
1072 3342 1151 3396 erate
1174 3350 1226 3394 su·

247 3429 385 3496 spectum
405 3427 507 3481 tamen
528 3424 559 3478 et
579 3418 718 3479 &ndum
744 3419 918 3499 lllyriorum
938 3435 1043 3495 regem
1062 3417 1226 3480 habebant.

248 3506 350 3581 itaque
366 3511 396 3566 et
410 3512 480 3565 octo
495 3516 590 3562 naves
610 3506 734 3563 ornatas
755 3519 774 3563 a
787 3500 952 3565 Brundisio
967 3510 1093 3565 senatus
1108 3501 1228 3562 censuit
