2642 4017
304 273 421 334 LIBER
434 273 522 334 XLII.
544 274 626 336 cAP.
640 283 685 339 66.
696 283 741 340 67.
756 283 793 350 [a.
809 277 841 336 C.
856 284 917 351 171]
1025 278 1087 344 187

109 430 195 490 ribus
211 425 403 501 occisisque,
418 442 480 488 non
494 433 604 488 tereret
617 434 739 504 tempus
752 429 785 490 in
799 430 960 494 obsidione
973 436 1089 511 praesi-

109 512 168 585 dii,
183 508 368 584 secundum,
383 524 421 569 ea
433 525 559 585 quoque
569 516 713 587 temptata
723 520 904 590 utcumque,
917 532 986 578 cum
997 519 1091 580 sciret

109 594 185 656 nihil
202 592 325 673 roboris
343 606 450 653 secum
470 607 556 667 esse,
578 594 651 656 dum
664 594 770 657 liceret
782 596 910 674 intacto,
934 600 1035 678 abire,
1060 610 1091 663 et

108 679 178 754 ipse
198 674 334 738 hostium
352 676 517 738 adventum
543 678 641 739 elatus
661 694 813 741 successu
834 683 960 757 mansit,
985 691 1017 745 et
1036 683 1090 762 qui

110 762 295 838 phalangem
306 767 500 822 arcesserent
510 776 644 837 propere
653 760 754 833 misit;
770 781 831 840 qua
841 772 873 826 et
885 768 985 829 serius
997 785 1090 844 qnam

108 860 161 906 res
176 842 352 919 postulabat
364 849 396 905 ct
413 844 524 919 raptim
537 850 621 920 acta,
642 846 754 907 turbati
768 862 861 910 cursu
877 850 1029 913 adversus
1044 851 1088 912 in·

109 935 243 990 shuctos
264 934 296 987 et
314 935 515 1002 praeparatos
528 934 615 989 erant
635 930 803 991 adventuri.
836 934 946 995 consul
965 942 1089 997 anteve

108 1011 199 1071 niens
219 1011 372 1085 extemplo
394 1012 545 1085 proelium
559 1011 724 1074 conseruit
752 1014 852 1090 primo
864 1017 1011 1079 resistere
1023 1018 1088 1078 hla-

110 1094 262 1164 oedones,
276 1092 397 1169 deinde,
412 1101 446 1155 ut
456 1096 584 1156 nullare
594 1111 688 1171 pares
699 1104 793 1172 erant,
807 1099 933 1161 amissis
942 1102 1088 1162 trecentis

107 1176 279 1254 peditibus,
303 1177 410 1252 vigim
435 1184 579 1254 quadum
598 1179 783 1255 primoribus
810 1183 945 1259 equitum
970 1198 1011 1244 cx
1030 1184 1087 1256 ula,

90 1274 92 1278 ·
110 1276 203 1336 quam
217 1275 338 1321 sacram
350 1269 477 1337 vocant,
498 1262 576 1323 inter
591 1278 670 1339 quos
682 1264 881 1326 Antimachus
896 1266 986 1327 etiam
1000 1282 1088 1342 prae-

108 1346 209 1405 lectus
228 1345 296 1404 alae
316 1344 439 1417 cecidit,
465 1344 552 1406 abire
572 1356 730 1409 conantur.
758 1355 893 1409 ceterum
912 1350 970 1409 iter
988 1365 1088 1425 prope

106 1429 178 1503 ipso
194 1426 312 1502 proelio
326 1427 542 1490 tumultuosius
552 1429 615 1490 luit
637 1429 773 1505 phalanx
783 1431 840 1491 abs
851 1431 971 1507 trepido
982 1434 1088 1493 nuntio

107 1511 207 1571 archa
221 1526 290 1571 cnm
302 1512 412 1587 raptim
426 1512 602 1585 duceretur,
623 1512 722 1587 primo
736 1513 768 1574 in
787 1514 935 1589 angustiis
951 1515 1085 1588 captivo·

106 1610 175 1656 rum
190 1594 301 1670 agmini
322 1595 423 1656 oblata
442 1595 654 1671 vehiculisque
674 1598 825 1657 frumento
847 1597 966 1658 onustis
980 1597 1088 1659 haesit

106 1679 217 1754 ingens
231 1676 273 1737 lbi
286 1678 409 1739 vexatio
423 1678 519 1753 partis
539 1680 701 1754 utriusque
714 1680 770 1740 iuit
789 1680 873 1741 nullo
888 1688 1088 1756 exspectante

107 1769 141 1822 ut
150 1769 316 1836 utcumque
326 1763 531 1838 explicaretur
540 1777 664 1838 agmen,
674 1763 737 1823 sed
748 1763 873 1826 armatis
885 1763 1086 1826 deicientibus

109 1859 166 1922 per
180 1859 332 1921 praeceps
345 1845 562 1922 impedimenta
577 1879 615 1891 -
631 1861 733 1922 neque
753 1846 834 1909 enim
849 1845 936 1908 aliter
948 1846 999 1909 vla
1013 1863 1088 1924 cpe·

106 1929 160 1989 riri
171 1933 350 2004 poterat-,
366 1929 523 2004 iumentis,
539 1945 609 1991 cum
619 1930 859 2003 stimtrlarentum
872 1928 905 1991 in
915 1931 1005 1991 turba
1018 1946 1085 1992 sae·

106 2011 269 2074 riendbus.
296 2013 351 2072 vix
370 2013 410 2073 ab
430 2009 587 2073 incondito
602 2013 723 2088 agmine
737 2011 927 2089 captivorum
941 2013 1085 2089 expedie-

105 2102 178 2156 rant
188 2109 274 2170 sese,
289 2110 359 2157 cum
368 2094 454 2171 regio
467 2095 579 2170 agaim
590 2097 804 2172 perculsisque
814 2094 967 2171 equitibus
979 2110 1087 2157 occur·

105 2185 186 2239 runt
208 2177 250 2237 ibi
262 2194 336 2240 vero
351 2180 467 2239 clamor
479 2179 646 2240 iubentium
659 2180 776 2241 relsrre
789 2179 879 2254 signa
888 2179 995 2240 rtrlnae
1009 2195 1085 2254 qno·

107 2277 170 2337 que
180 2276 279 2338 prope
289 2261 419 2323 similam
429 2261 664 2337 trepidationem
674 2263 754 2337 iecit,
764 2261 833 2324 utsi
843 2261 950 2323 hostes
962 2261 1087 2323 introim

105 2344 264 2420 angustias
279 2345 348 2406 ausi
367 2344 489 2420 longius
506 2346 636 2407 insecuti
650 2352 769 2421 essent,
790 2360 899 2421 magno
916 2344 1020 2406 clades
1036 2359 1086 2404 ac·

106 2426 168 2502 cipi
188 2429 333 2504 potuerit.
357 2430 466 2490 consul
479 2436 605 2504 recepto
626 2445 667 2490 ex
686 2431 803 2490 tumulo
818 2426 990 2505 praesidio,
1012 2443 1085 2489 con·

105 2518 208 2573 tentus
219 2511 342 2573 modico
352 2527 517 2587 successu,
528 2511 560 2572 in
571 2520 673 2575 castra
684 2514 792 2588 copias
803 2511 934 2574 reduxit
950 2519 1022 2574 sunt
1033 2510 1085 2587 qni

105 2609 145 2655 eo
160 2594 210 2656 die
224 2610 336 2670 magno
348 2597 466 2670 proelio
481 2603 649 2671 pugnatum
661 2604 804 2659 auctores
819 2597 894 2658 sintz
915 2603 985 2658 octo
1003 2592 1087 2655 milia

105 2677 240 2738 hosium
254 2694 361 2752 caesa,
375 2678 407 2739 ln
420 2677 469 2740 his
485 2678 649 2754 Sopatrum
663 2687 694 2741 et
706 2680 901 2755 Antipatrum
913 2680 1017 2756 regios
1029 2678 1086 2739 du·

106 2776 176 2834 ces,
195 2761 285 2823 vivos
308 2768 417 2838 captos
440 2761 560 2824 circiter
578 2763 640 2825 duo
664 2764 747 2824 milia
766 2764 971 2839 octingentos,
997 2762 1087 2837 signa

104 2843 246 2905 militaria
259 2851 350 2920 capta
362 2844 467 2921 viginti
486 2852 613 2921 septem.
642 2862 701 2908 nec
720 2848 909 2907 incruentam
926 2846 1084 2906 victoriam

105 2926 220 2988 luisse:
239 2944 334 3003 supra
348 2935 490 3004 quattuor
503 2928 586 2991 milia
599 2936 629 2989 et
642 2936 797 2990 trecentos
809 2929 849 2989 dc
864 2929 1001 2991 exercitu
1012 2943 1085 2990 con-

105 3011 184 3071 sulis
199 3012 364 3085 cecidisse,
383 3012 471 3086 signa
484 3010 628 3074 sinistrae
642 3014 710 3073 alce
726 3013 863 3088 quinque
876 3009 999 3072 amissa.

190 3093 307 3156 LXVII.
329 3096 385 3156 Hic
396 3095 464 3157 dies
479 3102 510 3156 et
519 3096 665 3156 Romanis
679 3095 786 3156 refecit
799 3095 917 3156 animos
933 3101 964 3154 et
971 3094 1085 3156 Persea

104 3178 251 3253 perculit,
267 3185 301 3238 ut
314 3178 382 3239 dies
394 3194 512 3255 paucos
523 3179 564 3239 ad
574 3179 749 3255 Mopselum
759 3185 895 3239 moratus
910 3180 1086 3254 sepulturae

104 3261 238 3320 maxime
252 3261 378 3324 militum
397 3256 581 3323 amissorum
602 3278 690 3335 cura,
712 3262 866 3336 praesidlo
888 3261 963 3322 satis
982 3259 1085 3320 valido

105 3344 147 3404 ad
157 3344 298 3405 Gonnum
307 3345 413 3406 relicto
425 3345 455 3406 in
464 3345 677 3407 Macedoniam
686 3343 839 3421 reciperet
848 3343 965 3420 copias.
986 3343 1085 3403 limo·

103 3426 208 3490 theam
224 3429 377 3502 quendam
388 3444 428 3489 ex
440 3428 534 3504 regiis
546 3427 712 3505 praelectis
723 3443 792 3490 cum
802 3426 925 3487 modica
935 3440 1028 3484 manu
1037 3437 1086 3481 re·

105 3508 216 3586 linquit
236 3511 276 3571 ad
288 3511 420 3586 Philam,
442 3512 559 3573 iussum
576 3512 736 3588 Magnetas
756 3525 797 3570 ex
816 3508 990 3583 propinquo
1011 3512 1086 3565 tem·
