2642 4017
242 320 257 348 ‚
293 263 408 324 nnana
421 214 523 331 xnrn.
547 263 631 363 cnr.
646 272 690 326 rs.
706 273 748 327 ιι.
772 271 809 339 [ι.
824 271 858 325 c.
874 271 962 340 naor
1043 265 1106 331 eoo

127 434 196 480 eam
221 421 433 491 tempestatem
458 423 704 490 propugnatores
728 416 829 491 urbis,
855 418 928 492 quia
949 434 1022 494 spes
1043 429 1109 482 erat
1160 480 1163 485 ,

126 504 229 577 neque
240 497 350 559 hiemis
363 498 426 558 vim
437 498 550 559 diutius
563 497 626 574 pati
638 499 826 560 Macedonas
841 501 872 560 in
884 508 989 576 aperto
1001 519 1107 578 posse,

126 601 186 646 nec
200 583 239 643 ab
254 583 393 644 Romano
406 581 487 642 bello
502 588 618 643 tantum
631 584 697 658 regi
717 584 881 644 laxamenti
895 584 971 656 lore,
987 592 1021 646 nt
1033 602 1106 662 pos-

128 675 177 730 set
196 667 319 728 morari.
349 672 483 727 ceterum
503 673 669 741 postquam
690 666 798 728 vineas
813 668 863 744 agi
877 674 1041 746 turresque
1054 685 1107 731 ex·

128 751 213 813 citari
237 749 392 824 viderunt,
418 748 499 820 nicta
521 749 691 825 pertinacia
714 757 770 812 est
797 766 868 812 nam
892 759 1108 830 praeterquam

128 836 213 912 quod
228 834 380 895 adversus
395 833 457 894 vim
470 848 563 908 pares
577 849 639 894 non
654 840 750 909 erant,
772 850 812 896 ne
826 835 968 898 frumenti
983 836 1108 913 quidem

127 925 181 980 aut
199 917 291 979 ullius
312 917 436 979 alterius
450 915 496 977 rei
517 918 608 993 copia
621 918 704 979 intus
719 926 797 993 erat,
818 925 853 980 ut
871 920 902 979 in
918 921 1109 996 necopinata
1163 964 1166 969 <

106 1043 110 1050 -
127 1001 300 1064 obsidione.
327 1000 433 1077 itaque
452 1016 520 1061 curn
543 1000 612 1077 spei
630 1001 705 1062 nihil
728 1002 768 1063 ad
787 1003 993 1065 resistendum
1014 1012 1106 1080 esset,

127 1086 160 1147 C.
172 1084 320 1147 Carvilius
333 1084 509 1161 Spoletinus
521 1085 594 1147 etc.
605 1083 753 1147 Arranim
767 1103 787 1147 a
800 1086 956 1162 praesidio
968 1089 1106 1150 Romano

127 1170 230 1243 missi,
258 1168 309 1244 qui
329 1185 348 1229 a
367 1169 481 1247 Perseo
497 1175 639 1245 peterent
652 1170 766 1245 primo,
792 1175 826 1231 ut
839 1180 972 1233 armatos
986 1188 1107 1247 suaque

127 1267 234 1315 secum
249 1253 383 1314 ferentes
398 1252 482 1313 abire
496 1251 619 1328 sineret,
642 1251 729 1328 dein,
751 1254 779 1315 si
798 1252 832 1314 id
845 1253 946 1317 minus
961 1256 1106 1332 impetra-

127 1344 212 1411 rent,
238 1337 319 1397 vitae
338 1343 455 1398 tanturn
475 1336 687 1413 libertatisque
708 1336 801 1397 iidem
821 1336 1003 1414 acciperent.
1033 1354 1105 1413 pro·

126 1420 255 1482 missum
270 1420 301 1480 id
314 1418 477 1495 benignius
492 1426 541 1481 est
554 1420 593 1482 ab
606 1435 680 1495 rege
694 1436 790 1499 quam
802 1421 995 1496 praestitum
1022 1422 1107 1482 exire

127 1505 209 1565 eninr
222 1519 280 1565 sna
300 1503 618 1566 secumefferentibus
631 1503 728 1564 iussis
740 1504 872 1578 primum
886 1520 971 1564 arma
986 1504 1106 1565 ademit

126 1589 177 1649 his
190 1589 267 1651 urbe
281 1585 417 1663 egressis
433 1596 464 1649 et
476 1587 650 1665 lllyriorum
665 1586 778 1648 cohors
791 1619 833 1631 -
848 1585 1006 1663 quingenti
1020 1596 1107 1649 erant

126 1705 170 1719 —-
183 1681 214 1734 et
227 1672 425 1733 Uscanenses
441 1687 477 1731 se
490 1671 660 1747 urbemque
671 1669 864 1732 dediderunt
884 1670 962 1733 xlx.
973 1670 1106 1734 Perseus

126 1755 284 1834 praesidio
297 1756 442 1829 Uscanae
454 1753 599 1830 imposito
614 1753 835 1815 multitudinem
845 1768 973 1816 'omnem
987 1755 1106 1817 dedito·

126 1857 204 1914 rum,
220 1855 301 1914 quae
315 1854 415 1915 prope
430 1854 556 1900 numero
571 1838 739 1899 exercitum
755 1839 922 1914 aequabat,
945 1837 1106 1900 Stuberam

127 1923 260 1985 abducit.
285 1924 327 1984 ibi
346 1924 555 1984 Romanis-
576 1927 719 1999 quattuor
738 1919 821 1983 milia
835 1929 935 1984 autem
949 1922 1106 1983 bominum

127 2014 214 2069 erant
225 2038 269 2051 —
284 2013 405 2083 praeter
416 2006 572 2083 principes
583 2007 615 2066 in
626 2005 799 2068 custodiam
812 2005 977 2068 eivitatium
988 2004 1106 2080 divisis,

128 2091 359 2154 Uscanensibus
370 2091 546 2168 illyriisque
558 2088 692 2153 venditis
706 2090 737 2150 in
752 2087 925 2152 Penestiam
939 2089 1105 2150 exercitum
1146 2160 1150 2166 ,

127 2176 246 2242 reducit
261 2176 301 2236 ad
316 2173 471 2238 annetnn
484 2173 633 2252 oppidum
646 2175 678 2235 in
692 2179 877 2250 potestatem
890 2171 1106 2248 redigendum

128 2266 160 2320 et
172 2259 287 2335 alioqui
303 2267 477 2336 opportune
492 2260 596 2334 situm,
620 2265 653 2319 et
664 2257 811 2319 transitus
830 2273 871 2319 ea
883 2262 933 2323 eet
944 2256 976 2316 in
989 2255 1106 2317 Labea-

126 2351 183 2418 tes,
196 2342 249 2403 ubi
256 2343 382 2405 Gentius
393 2343 550 2420 regnabat.
562 2341 769 2418 praetereunti
779 2342 925 2417 nequens
938 2341 1106 2415 castellum,

126 2429 320 2489 Draudacum
334 2426 467 2502 nomine,
481 2426 648 2505 peritorum
662 2426 786 2503 qnidam
799 2423 937 2501 regionis
952 2422 1019 2485 eius
1034 2423 1108 2483 nihil

128 2510 251 2575 anneo
273 2518 362 2587 capto
384 2527 464 2595 opus
478 2527 551 2574 esse
566 2510 620 2585 ait,
640 2511 700 2571 nisi
713 2509 745 2571 in
759 2515 911 2586 potestate
926 2517 957 2570 et
969 2506 1106 2568 Drauda-

128 2610 198 2655 cum
213 2594 268 2672 sit=
297 2596 501 2670 opportunius
522 2596 667 2658 etiamad
683 2594 785 2657 ornnia
799 2593 935 2670 positum
949 2606 1031 2654 esse.
1053 2590 1107 2652 ad·

127 2680 211 2739 moto
226 2679 363 2738 exercitu
378 2695 484 2739 omnes
500 2679 854 2754 extemplodediderunt
867 2693 955 2755 sese..
972 2691 1034 2752 qua
1049 2691 1107 2751 spe
1194 2740 1197 2746 ,

128 2760 277 2820 celeriore
287 2759 442 2819 deditione
453 2767 582 2835 erectus,
598 2768 764 2836 postquam
775 2761 997 2836 animadvertit,
1011 2775 1106 2836 quan·

128 2850 179 2902 tus
194 2842 322 2916 agminis
336 2843 385 2901 sui
399 2849 497 2903 terror
511 2850 603 2915 esset,
623 2843 767 2904 undecim
782 2842 843 2904 alia
856 2845 985 2906 castella
997 2844 1108 2905 eodem

128 2933 211 2987 metu
224 2925 267 2984 in
294 2931 474 2999 potestatem
500 2923 618 2999 redigit.
653 2926 692 2985 ad
714 2941 871 3001 perpauca
889 2927 920 2986 vi
940 2942 1021 3003 opus
1042 2927 1107 3002 luit,

129 3016 232 3070 cetera
255 3010 409 3069 voluntate
430 3008 549 3079 dedita;
578 3008 659 3069 etin
679 3007 728 3068 his
748 3009 865 3085 recepti
878 3009 960 3070 mille
973 3017 1005 3071 et
1019 3012 1107 3087 quin-

127 3093 210 3168 genti
226 3090 370 3169 dispositi
385 3107 442 3168 per
455 3087 612 3168 praesidia
624 3091 736 3152 milites
749 3092 888 3154 Romani.
911 3109 1022 3169 magno
1036 3094 1108 3161 usui

95 3204 98 3209 ¹
128 3178 278 3239 Carvilius
299 3177 478 3254 Spoletinus
500 3180 614 3237 eratin
636 3176 813 3252 colloquiis,
837 3178 967 3240 dicendo
988 3178 1061 3241 nihil
1076 3177 1107 3237 in
1136 3236 1141 3249 ,

126 3277 212 3336 ipsos
235 3263 394 3324 saevitum.
422 3261 494 3322 inde
513 3261 554 3322 ad
575 3260 730 3323 anneum
744 3269 924 3338 perventum
938 3271 999 3334 est,
1023 3260 1107 3335 qnod
1158 3266 1161 3271 '

126 3345 193 3406 sine
212 3347 293 3408 iusta
308 3347 540 3424 oppugnatione
561 3346 630 3422 oapi
644 3362 707 3406 non
729 3356 857 3421 poterat.
880 3353 910 3406 et
922 3345 1038 3406 maiore
1053 3343 1106 3402 ali·
1194 3396 1198 3403 .

126 3438 240 3503 quanto
256 3447 347 3508 quam
364 3438 466 3491 cetera
480 3430 644 3505 iuventute,
667 3438 697 3492 et
709 3430 844 3492 validum
859 3429 1008 3504 oppidum
1022 3440 1105 3486 moe·
1149 3502 1153 3511 .

9 3552 13 3563 ·
125 3511 215 3574 nibus
237 3523 317 3589 erat,
343 3521 373 3574 et
398 3514 470 3576 hinc
497 3516 594 3577 amnis
616 3516 741 3575 Artatus
763 3513 902 3586 nomine,
927 3510 998 3569 hinc
1018 3523 1105 3568 mons
