2642 4017
240 247 319 314 312‘
372 250 569 312 ΕΡΙΤΟΜΑΕ
582 249 786 313 LIBRORUM
799 250 1090 312 lxiixlx-xcvl.

238 400 457 505 tributi:
469 397 1221 506 ‘siritliiiuiiiztiiiiiii'ni:imiiiii‘il

238 509 298 558 toro,
319 511 344 549 et
361 519 410 549 eum
429 508 471 550 iroc
488 507 578 561 ludique
597 507 666 549 terret
684 506 781 561 populus
799 507 924 557 Romanus,
946 507 1051 548 contione
1070 507 1181 549 advocata
1195 519 1221 549 se

237 565 331 604 luaslsse
345 561 412 603 dixit.
432 563 473 606 cu.
489 563 607 614 Pompeius
620 563 643 601 lu
658 560 733 603 Alrleu
746 561 788 604 cu.
804 561 925 602 Domitium
947 563 1094 614 proscriptum
1112 565 1135 601 et
1153 563 1220 604 lilar-

238 621 286 659 bam
308 627 382 669 regen
400 615 531 665 Numidiae,
559 615 642 656 bellun
661 615 790 664 molientes,
813 616 886 655 vietus
904 614 1001 664 occidite
1017 620 1048 656 'et
1069 619 1177 666 quattuor
1198 620 1221 656 et

237 671 317 724 viginti
331 680 402 711 senos
417 675 490 718 uatus,
504 668 577 710 edisse
591 677 661 721 eques
674 667 793 718 Ronanus,
808 668 868 721 quod
883 668 939 709 uuili
954 670 1013 709 couti
1030 672 1085 718 erut,
1099 681 1130 709 ex
1142 669 1220 711 sirica

236 723 388 777 triumphavit
408 725 435 767 (2.
450 723 569 765 Norbanus
586 723 710 765 wrisuisrls
728 724 867 776 proscriptus
884 723 908 762 ln
927 723 982 764 urbe
1031 722 1075 762 odo
1095 734 1144 764 eun
1158 734 1219 764 eorr-

237 777 423 833 prehenderetur,
444 779 494 831 ipse
511 786 537 818 se
555 776 647 818 cecidit.
667 775 772 825 llutiius.
792 786 849 817 uuus
864 787 894 816 ex
907 777 1053 829 proscriptis,
1073 777 1131 817 elan
1142 777 1220 830 eapite

236 833 344 885 adoperto
362 831 392 872 ad
412 832 512 885 posticas
530 829 598 872 aedes
618 831 707 871 Bastiae
726 830 802 871 uxoris
820 841 870 871 curu
883 830 1029 881 coemisset,
1048 829 1159 871 admissus
1174 840 1218 871 uon

237 883 867 991 iteiiiii¹'i:„ii⁰i⁰iiiiiiiii⁶liiiiii
880 883 1218 990 {zeiiiiniiiiiiis

235 996 312 1047 glories
325 994 348 1033 lu
362 1001 428 1044 agros
442 996 521 1045 septos
534 990 634 1040 deduxit,
649 995 672 1030 et
687 1001 726 1030 eos
739 990 768 1031 iis
782 990 867 1031 divisit.
883 989 1018 1041 Volaterras,
1034 990 1095 1043 quod
1109 991 1218 1044 oppidum

235 1047 309 1089 adbuc
326 1047 349 1086 iu
363 1045 431 1086 aruris
444 1049 504 1093 erat,
524 1045 640 1085 obsessum
653 1044 677 1084 lu
688 1042 823 1085 deditionem
836 1046 932 1096 aceepit.
952 1044 1074 1096 Mitylenae
1088 1055 1180 1098 quoque
1193 1046 1216 1085 lu

235 1103 300 1194 psit,
319 1109 377 1151 quae
396 1099 445 1139 sola
458 1099 512 1139 urbs
531 1102 583 1152 post
597 1099 680 1139 vietum
694 1097 845 1139 Mithridatem
859 1107 920 1138 arms
932 1098 1054 1149 retinebat,
1074 1102 1217 1152 expugnatas

251 1155 309 1194 iruts
340 1165 367 1192 ue
381 1159 442 1197 sunt.

288 1163 338 1249 Kal
351 1205 417 1246 sulla
431 1205 535 1255 decessit,
550 1203 668 1258 bonosque
681 1206 702 1246 ei
716 1216 730 1246 a
743 1207 823 1247 matu
837 1204 927 1246 babitus
941 1210 983 1256 esi,
999 1209 1023 1247 ut
1032 1207 1055 1247 iu
1067 1216 1145 1259 eampo
1156 1207 1215 1247 lilar-

236 1262 268 1302 llo
286 1261 427 1313 sepeliretur.
447 1259 479 1301 li.
493 1259 591 1312 trepidus
609 1272 659 1301 cum
678 1263 728 1301 ueta
742 1260 820 1301 Suilse
839 1262 958 1313 temptaret
972 1261 1111 1310 rescindere,
1130 1262 1215 1302 beilum

235 1316 353 1357 excitavltr
372 1324 387 1353 a
400 1314 428 1358 0.
442 1313 523 1356 Catulo
537 1313 624 1366 collega
638 1313 704 1355 ltalia
718 1313 797 1367 pulsus
811 1318 858 1364 est,
878 1317 902 1355 et
916 1316 938 1355 ln
953 1313 1058 1355 sardinis
1071 1314 1154 1354 irustra
1169 1314 1215 1355 bel·

236 1371 281 1411 lun
301 1368 392 1410 molitus
410 1368 484 1419 periit.
504 1368 536 1409 si.
555 1370 650 1417 Brutus,
670 1368 708 1420 qul
729 1367 865 1419 Cisalpinam
885 1367 981 1410 Galliam
995 1367 1124 1417 obtinebat,
1144 1380 1158 1408 s
1174 1370 1215 1411 Cu.

235 1425 342 1477 Pompeio
363 1422 451 1463 occisus
469 1425 511 1463 est.
531 1421 560 1466 Q.
576 1422 691 1464 Sertorius
705 1421 843 1473 proscriptus
858 1423 880 1462 ln
896 1423 1002 1463 ulteriore
1016 1422 1123 1474 lllspanla
1137 1422 1215 1475 ingens

235 1478 319 1519 bellum
333 1476 449 1519 excitavit,
469 1476 495 1517 b.
510 1475 607 1517 llisnllus
620 1476 741 1528 proconsul
756 1478 780 1516 et
793 1476 819 1519 i..
834 1474 947 1516 Domitius
960 1475 1048 1527 legatus
1062 1476 1090 1515 ab
1104 1474 1214 1517 Hirtuleio

235 1535 355 1585 quresiore
370 1529 456 1582 proelio
474 1530 528 1569 vieti
542 1535 601 1571 sunt.
622 1532 737 1582 praeterea
750 1539 788 1570 res
805 1542 819 1570 a
833 1529 859 1571 P.
874 1529 972 1570 Servilio
987 1530 1119 1582 proconsule
1133 1529 1212 1570 adver-

235 1597 275 1627 sus
288 1584 371 1626 cilicas
385 1586 461 1635 gestas
475 1586 581 1625 continet.

287 1638 344 1680 xci.
360 1639 402 1679 Cu.
417 1637 536 1690 Pompeius
551 1650 600 1679 uum
614 1636 687 1679 sdliuc
701 1648 771 1690 eques
784 1638 896 1679 Romanus
910 1638 978 1686 essct,
993 1649 1042 1678 eum
1056 1638 1148 1690 imperio
1162 1649 1213 1678 cen·

234 1691 305 1733 sulari
322 1690 432 1731 adversus
449 1690 574 1733 bettonem
592 1694 674 1733 miuus
693 1698 735 1732 est.
756 1691 870 1732 Sertorius
883 1691 972 1744 sliquot
987 1693 1054 1732 urbes
1067 1692 1213 1744 expugnarit,

235 1745 389 1799 plurimusque
408 1744 510 1785 eiviteies
529 1746 551 1785 iu
572 1749 705 1797 potestatem
723 1755 786 1786 asam
800 1745 894 1797 redegit.
913 1750 930 1786 Α
949 1773 956 1785 .
972 1745 1079 1788 Claudius
1094 1743 1213 1798 proconsul

234 1797 331 1839 lbruess
349 1796 450 1849 pluribus
468 1797 560 1850 proeliis
574 1800 637 1841 vicit.
657 1798 686 1843 Q.
700 1799 807 1841 ilietellus
821 1757 947 1851 proconsul
959 1799 985 1840 L.
999 1799 1133 1840 Hirtuleium
1146 1808 1213 1851 quae·

234 1855 316 1893 storem
331 1849 425 1891 Sertorii
441 1863 490 1892 cunr
503 1856 605 1894 exercitu
619 1853 707 1895 cecidit.

287 1904 353 1947 xcii.
369 1905 409 1947 Cu,
424 1905 542 1958 Pompeius
556 1905 623 1947 dubie
637 1910 719 1948 eventu
733 1919 782 1948 cum
797 1907 896 1949 Sertorio
910 1906 1025 1959 pugnavit,
1040 1908 1072 1947 its
1085 1908 1110 1947 ut
1124 1905 1212 1958 singnis

235 1970 264 2000 ex
278 1962 373 2010 utreque
387 1961 451 2011 parte
465 1969 546 2000 cornua
558 1962 662 2004 vicerint.
678 1960 708 2004 Q.
723 1961 828 2002 Metellus
842 1960 966 2002 Sertorium
980 1964 1003 2002 el
1018 1962 1150 2014 Perpernam
1165 1972 1213 2003 eun

235 2014 322 2055 duobus
336 2012 472 2053 exercitibus
485 2014 569 2066 proelio
585 2014 654 2064 ludite
673 2015 736 2055 cuius
751 2016 858 2059 victoriae
871 2019 958 2068 partem
971 2017 1064 2067 cupiens
1078 2017 1137 2056 lerre
1151 2015 1210 2056 Pom

235 2070 299 2121 peius
313 2078 390 2120 parum
405 2076 511 2120 prospere
525 2069 641 2121 pugnavit.
660 2069 767 2109 obsessus
782 2068 862 2109 deinde
876 2070 971 2111 Cluniae
985 2070 1099 2111 sertorius
1113 2068 1214 2110 adsiduis

234 2122 390 2175 eruptionibus
408 2132 453 2161 nors
473 2121 558 2162 leviora
576 2121 656 2162 demna
669 2122 823 2163 obsidentibus
837 2123 920 2167 intulit.
939 2125 1056 2176 praetereo
1075 2123 1103 2163 ab
1117 2122 1213 2164 Curione

234 2176 368 2230 proconsule
386 2177 408 2216 ln
424 2174 516 2216 lbraeiu
529 2185 565 2216 res
579 2180 653 2228 gestas
666 2175 775 2216 adversus
787 2176 918 2225 Dardanos,
940 2180 963 2217 et
982 2175 1011 2220 Q,
1028 2177 1122 2218 Sertorii
1144 2177 1212 2219 mults

234 2230 334 2272 crudelis
347 2230 369 2270 in
384 2237 438 2269 suos
451 2230 510 2270 laeta
523 2232 630 2278 eontinet.
646 2232 684 2282 qui
698 2231 806 2282 plurimos
821 2241 850 2271 ex
864 2230 941 2270 amicis
955 2234 979 2270 et
992 2240 1067 2271 seeum
1081 2231 1213 2284 proscriptis

233 2285 325 2325 mmine
339 2282 473 2334 proditionis
488 2284 627 2324 insimulatos
640 2284 731 2327 oceidit.

286 2337 364 2379 xciii.
379 2337 404 2376 P.
413 2337 523 2378 Servilius
537 2336 656 2389 proconsul
670 2338 693 2377 in
708 2337 787 2379 Cilicia
800 2339 888 2381 isauros
903 2337 993 2386 domuit,
1009 2339 1032 2377 et
1046 2337 1133 2390 aliquot
1147 2338 1213 2379 urbes

233 2391 353 2444 piratarum
368 2392 513 2441 expugnavit.
528 2391 661 2432 Nicomedes
675 2390 793 2443 Bithynius
806 2394 847 2433 rex‘
860 2394 956 2433 moriens
970 2391 1077 2444 populum
1090 2391 1212 2434 Romanum

233 2445 288 2485 iecit
303 2442 418 2492 heredem,
438 2454 574 2495 regnumque
588 2445 673 2485 clusin
688 2446 816 2497 provinciae
830 2446 921 2488 lormum
936 2446 1048 2486 reductum
1063 2449 1107 2490 est.
1125 2444 1213 2486 biitbri-

234 2498 298 2539 detes
317 2496 407 2538 loedere
426 2507 475 2535 curn
494 2497 594 2536 Sertorio
613 2498 659 2537 icto
674 2498 756 2539 bellum
774 2501 857 2551 popule
875 2500 974 2542 Romano
988 2499 1073 2540 intulit.
1088 2502 1211 2553 'apperetus

234 2550 314 2592 deinde
332 2549 442 2601 regiarum
461 2550 573 2602 copiarum
593 2549 731 2603 pedestrium
750 2553 920 2607 navaliumque,
942 2558 965 2595 et
978 2555 1087 2606 occupatu
1100 2552 1210 2605 Bithynis,

233 2606 265 2645 ll.
285 2603 389 2645 Aurelius
409 2604 476 2643 cotto
489 2603 565 2642 consui
579 2602 608 2642 ad
624 2601 786 2646 Chalcedouem
801 2609 887 2659 proelio
906 2620 920 2649 a
932 2618 985 2659 rege
998 2608 1082 2656 siclus,
1104 2616 1213 2660 resquea

233 2658 339 2707 Pompeio
353 2658 376 2694 et
389 2654 482 2694 Metello
496 2656 605 2697 adversus
619 2657 744 2699 Sertorium
758 2663 842 2712 gestae,
857 2664 896 2715 qui
910 2662 1012 2702 omnibus
1026 2660 1080 2701 beili
1096 2660 1211 2716 [militiae]

232 2710 318 2750 artibus
333 2707 436 2760 perluit.
456 2720 512 2761 quos
526 2713 550 2750 ei
563 2711 590 2751 ab
605 2710 722 2753 obsidione
737 2714 866 2766 calagurris
879 2716 955 2768 oppidi
971 2713 1076 2767 depulsos
1090 2715 1164 2766 coegit
1179 2713 1210 2754 di·

233 2772 311 2804 verses
323 2773 347 2802 re
363 2763 425 2801 lones
439 2768 527 2815 petere,
542 2763 658 2805 Metellum
673 2766 799 2809 ulteriorem
813 2769 954 2822 liispsnism,
968 2769 1097 2822 Pompeium
1111 2768 1213 2810 Gelliam.

285 2816 334 2857 xci
356 2846 363 2860 .
384 2816 410 2857 la.
429 2818 527 2859 Licinius
545 2819 653 2860 Lucullus
673 2821 751 2863 consul
771 2823 880 2864 adversus
898 2822 1050 2865 lditirridatem
1071 2822 1212 2876 equestribus

233 2871 325 2923 proellis
339 2869 435 2911 lellclter
448 2873 561 2925 pugnavit,
576 2877 600 2914 et
613 2874 770 2927 expeditiones
783 2877 870 2929 aliquot
881 2887 1000 2931 prosperas
1008 2877 1068 2926 iecit,
1083 2882 1211 2931 poscentes

232 2935 277 2975 que
292 2935 386 2976 pugnem
401 2925 484 2967 millies
497 2938 510 2966 a
524 2926 637 2968 seditione
650 2928 754 2971 lnblbuit.
773 2931 893 2972 Deiotarus
907 2929 1075 2982 Gallograeciae
1088 2928 1212 2978 tetrarches

233 2977 358 3030 praefectos
374 2977 511 3021 llitbrldatis
531 2982 614 3023 beilum
634 2982 656 3022 ln
671 2980 730 3036 Phry
746 2983 768 3024 lu
786 2989 902 3025 moventes
915 2984 1004 3029 cecidit.
1020 2986 1136 3037 praetereo
1149 2993 1186 3023 res
1199 2996 1212 3023 a

233 3033 275 3075 Cu.
290 3032 395 3084 Pompeio
409 3034 431 3073 in
447 3035 553 3087 llispania
567 3040 643 3077 contra
657 2994 780 3078 Sertorium
794 3048 902 3091 prospere
915 3041 992 3089 gestas
1005 3038 1116 3081 eontinet.

284 3085 350 3127 XCV.
370 3085 395 3126 c.
410 3085 477 3129 curio
496 3091 614 3141 proconsul
630 3089 749 3131 Dardanos
766 3093 788 3132 lu
802 3091 896 3133 Threcia
910 3092 1003 3133 domuit.
1018 3095 1125 3144 quattuor
1140 3095 1163 3132 et
1176 3102 1211 3131 se-

232 3142 348 3192 ptusginis
367 3140 503 3190 gladiatores
521 3144 609 3195 Cspuae
630 3155 659 3184 ex
678 3144 732 3185 ludo
752 3146 841 3186 Lentuli
860 3144 1017 3198 profugerunt,
1038 3149 1061 3186 el
1079 3150 1213 3197 congregata

232 3195 373 3235 servitiorum
402 3195 574 3250 ergastulorum]
589 3198 739 3247 multitudine,
755 3198 823 3239 crixo
837 3202 861 3240 et
871 3200 979 3251 Spartsco
994 3200 1089 3240 ducibus
1103 3199 1211 3239 belloex·

232 3248 312 3297 eltuto,
332 3246 386 3290 Clau
404 3248 448 3288 ium
463 3249 581 3291 Pulcbrusu
596 3253 692 3303 legatum
708 3255 731 3293 et
746 3252 770 3296 Ρ.
789 3252 901 3294 Varlnlum
916 3257 1040 3306 prsetorem
1055 3253 1139 3305 proelio
1154 3254 1211 3294 rice·

232 3306 291 3343 runt.
306 3303 331 3345 i..
347 3301 453 3342 Lucullus
467 3313 508 3354 pro
523 3304 600 3345 consul
615 3306 643 3345 ad
659 3304 762 3356 cyzicum
776 3308 852 3348 urbem
867 3308 988 3347 exercitum
1002 3305 1141 3348 liiitbridetls
1155 3306 1212 3348 lame

232 3355 335 3409 lerroque
355 3354 451 3405 delevit3
471 3356 605 3410 pulsumque
619 3358 725 3410 Bithynia
744 3369 829 3411 regem,
851 3361 918 3401 seriis
937 3361 992 3402 belli
1005 3372 1033 3401 ac
1047 3360 1211 3412 neubrgiorun

231 3412 319 3451 casibus
333 3409 436 3456 tractum,
451 3410 525 3460 coegit
538 3412 560 3451 ln
575 3412 670 3453 Pontum
683 3413 808 3465 profugere.

231 3513 273 3555 m
284 3463 409 3557 iiiiii·
423 3464 879 3561 iiiii.liiiiriiiiiitii'i'ii
893 3467 1210 3574 iiiiiiipilliii‘ilr

1308 863 1314 1082 i
