2642 4017
278 250 539 313 cmunnxmx.
563 250 758 314 onaan
780 255 860 328 inc.
873 252 934 329 ra]
1059 248 1100 316 41

110 402 234 465 scribit.
272 399 316 462 ibi
336 403 497 463 iactantem
518 416 590 462 sese
604 409 708 464 scorto
729 401 807 462 inter
827 404 1105 480 maeroreautisse,

109 503 210 563 quam
224 485 343 547 aemma
355 485 553 561 quaestiones
568 485 768 560 exercuisset,
783 492 917 560 siquam
931 488 1043 548 mutos
1054 503 1104 548 ca·

109 571 183 647 pitis
201 571 371 631 damnatos
388 570 419 629 in
435 569 566 630 vinculis
577 568 711 643 haberet,
728 584 808 645 quos
824 567 924 630 securi
940 584 1104 644 percussu·

109 670 167 716 ras
186 660 292 716 esset
319 661 384 714 turn
405 653 488 714 illam
500 653 580 714 inira
593 668 664 713 euni
678 652 879 714 accubantem
893 667 1026 728 negasse
1040 672 1104 716 um

111 754 211 813 quana
231 737 357 798 vidisse
371 752 557 813 quemquam
572 736 674 797 securi
690 736 863 810 lenientem,
879 743 910 797 et
923 738 1059 812 pervelle
1073 738 1105 800 id

43 851 48 858 ·
109 821 236 882 videre.
270 820 322 881 irie
335 820 542 895 indulgentem
557 826 723 882 amatorem
736 836 830 880 unum
852 835 893 881 ex
907 821 966 881 illis
983 821 1104 883 misens

109 904 225 965 attrahi
243 903 365 966 iussam
380 904 482 966 securi
496 903 701 981 percussisse.
723 904 856 976 facinus,
873 904 939 965 sive
950 919 988 966 eo
1000 906 1102 982 modo,

111 1004 174 1064 quo
198 1003 319 1048 censor
339 987 466 1062 obiecit,
491 989 559 1048 sive
578 994 612 1048 ut
630 988 775 1048 Valerius
796 987 887 1049 tradit
907 988 1104 1051 commissum

110 1078 174 1144 est,
197 1087 334 1134 saevam
349 1077 442 1147 atque
456 1078 562 1134 obnxe
581 1070 659 1130 inter
681 1073 792 1147 pocula
805 1077 897 1147 atque
912 1073 1035 1149 epulas,
1050 1073 1101 1135 abt

111 1155 212 1216 libare
227 1156 293 1217 diis
308 1156 422 1231 dapes,
436 1154 490 1215 obi
502 1154 582 1215 bene
596 1155 715 1230 precari
730 1171 799 1218 mas
813 1163 911 1229 esset,
927 1156 967 1216 ad
982 1166 1103 1234 specta·

111 1239 220 1300 culum
236 1239 336 1302 scorti
351 1238 510 1315 procacis,
527 1239 559 1300 in
579 1238 649 1300 sinu
671 1238 807 1300 consulis
829 1238 1019 1313 recubantis,
1039 1257 1102 1302 ma

112 1328 230 1384 emtam
245 1323 412 1384 humanam
427 1321 580 1383 victimam
589 1338 661 1383 esse
672 1330 702 1383 et
712 1337 821 1384 cruore
831 1337 969 1383 mensam
982 1338 1102 1398 resper-

112 1413 199 1465 sanrt
230 1407 265 1467 in
280 1413 417 1467 eumenia
431 1406 568 1468 oratione
583 1406 707 1467 catonis
728 1404 870 1467 condicio
886 1405 1024 1479 Quinctio
1045 1407 1102 1466 ier·

112 1496 178 1564 tur,
203 1497 238 1551 ut
261 1491 290 1551 si
311 1490 343 1551 id
362 1492 475 1552 tacmm
495 1497 621 1565 negaret
641 1496 805 1564 ceteraque
826 1504 906 1563 quae
928 1489 1101 1566 obiecisset,

114 1574 295 1649 sponsione
305 1575 581 1635 defenderetsese=
597 1574 645 1634 sin
656 1574 815 1646 fateretur,
830 1571 1036 1647 ignominiane
1046 1590 1103 1636 sua

114 1672 310 1734 quemquam
325 1657 488 1719 doliturum
504 1664 658 1746 censeret,
675 1672 744 1716 cum
765 1656 835 1732 ipse
848 1655 922 1719 vino
937 1664 967 1719 et
981 1658 1103 1718 Venere

116 1754 227 1803 amens
243 1741 395 1816 sanguine
410 1740 543 1802 bominis
557 1741 588 1800 in
607 1739 749 1801 convivio
765 1739 912 1801 lusissett

201 1825 311 1885 XLIV.
333 1826 366 1884 In
388 1825 523 1901 equitatu
543 1824 798 1899 recognoscendo
812 1823 847 1882 L
863 1823 1000 1901 Scipioni
1013 1826 1098 1886 Asia·

117 1907 188 1980 gani
214 1910 381 1984 ademptus
403 1924 513 1983 equus.
550 1910 580 1968 ln
601 1907 747 1968 censibus
768 1922 894 1983 quoque
913 1907 1102 1982 accipiendis

117 1989 214 2052 tristis
239 1998 271 2052 et
295 2007 409 2069 aspera
426 1991 457 2052 in
477 2007 584 2054 omnes
610 1992 736 2052 ordines
763 2006 894 2054 censura
913 1990 977 2051 init.
1013 2006 1100 2051 orna·

117 2082 221 2136 menta
235 2083 267 2136 et
278 2082 395 2137 vestem
406 2075 583 2136 muliebrem
596 2082 627 2135 et
641 2075 796 2147 vehicula,
812 2090 892 2151 quaa
904 2075 999 2151 pluris
1011 2091 1103 2150 quam

122 2156 301 2231 quindecim
314 2160 428 2221 milium
449 2160 531 2220 aeris
550 2166 656 2220 essent
676 2161 797 2222 deciens
812 2161 911 2235 plant
931 2158 960 2219 in
976 2174 1102 2221 censum

120 2241 237 2304 reterre
250 2244 402 2304 amatores
419 2244 526 2312 iussit;
546 2243 618 2304 item
641 2243 796 2319 mancipia
817 2243 935 2302 minora
954 2242 1043 2303 annis
1058 2244 1101 2302 vi·

121 2324 211 2399 sinti,
228 2342 311 2402 quae
329 2334 401 2403 post
415 2327 585 2401 proximum
607 2327 735 2388 lustrum
757 2327 864 2386 decern
883 2324 1005 2385 milibus
1020 2327 1101 2385 aeris

122 2415 173 2469 ant
191 2425 231 2470 eo
246 2411 343 2487 pluris
357 2411 531 2485 venissent,
546 2411 588 2471 uti
603 2426 641 2470 ea
654 2425 779 2486 quaque
798 2408 925 2469 deciens
938 2414 1021 2469 tanto
1038 2410 1102 2484 plu-

120 2490 163 2551 ris
178 2510 275 2567 quam
290 2494 394 2570 quanti
413 2501 520 2556 essent
535 2495 780 2568 aestimarentur,
792 2500 822 2553 et
836 2492 884 2552 bis
899 2492 992 2554 rebus
1007 2492 1103 2552 omni-

122 2570 273 2639 busterni
293 2578 422 2639 inmitia
443 2578 524 2639 aeris
544 2577 787 2639 attribuerentur.
817 2593 929 2651 aquam
949 2576 1102 2652 publicam

124 2671 245 2724 onmem
261 2662 291 2722 in
309 2662 460 2737 privatum
473 2662 648 2724 aediticium
666 2668 718 2722 aut
739 2676 845 2736 agrum
864 2658 1009 2722 fluentem
1029 2661 1102 2721 ade·

125 2753 258 2814 manuum
279 2752 309 2806 et
329 2761 410 2821 quae
430 2744 460 2805 in
475 2746 546 2806 loca
563 2744 686 2821 publica
705 2743 899 2804 inaedificata
919 2744 1103 2805 immolitave

126 2825 233 2897 privati
248 2828 416 2902 habebant,
431 2828 510 2888 intra
523 2828 590 2889 dies
605 2827 727 2903 triginta
743 2826 877 2889 demoliti
899 2836 979 2888 sunt
1009 2842 1104 2903 opera

127 2905 236 2973 minda
250 2913 394 2972 iacienda
414 2928 459 2974 ex.
475 2913 600 2973 decreta
620 2912 650 2971 in
672 2927 741 2972 eam
760 2927 826 2971 rem
846 2912 994 2987 pecunia,
1015 2912 1102 2972 lacus

127 2996 307 3056 sternendos
325 2995 443 3071 lapide,
466 2995 733 3071 detergendasque
748 3010 810 3070 qua
826 3010 906 3069 opus
922 3001 1007 3056 esset
1020 2994 1102 3055 aloa-

127 3086 192 3148 eas,
208 3080 239 3139 in
253 3079 407 3142 Auentino
423 3085 454 3140 et
468 3080 498 3138 in
518 3078 587 3140 aliis
601 3078 753 3154 partibus,
775 3094 837 3152 qua
856 3078 992 3140 nondum
1008 3085 1102 3150 erant,

128 3156 283 3224 boloniae
302 3163 491 3224 locaverunt
538 3162 753 3239 etseparatinr
775 3161 904 3223 Flaccus
931 3164 1042 3222 molem
1063 3161 1104 3221 ad

128 3238 290 3318 Neptunias
305 3263 420 3322 aquas,
434 3254 469 3308 ut
482 3247 537 3307 iter
553 3247 669 3323 populu
692 3252 793 3319 esset,
815 3253 846 3307 et
866 3246 946 3306 niam
961 3262 1017 3321 per
1028 3242 1103 3304 For-

129 3326 260 3392 mianum
278 3338 432 3406 naama„
449 3331 521 3393 eata
542 3331 620 3391 atria
639 3332 700 3392 duo
721 3329 873 3391 Maenium
896 3330 1052 3389 etlilium
1073 3326 1103 3384 in

130 3405 293 3489 antoniis,
309 3422 340 3476 et
354 3422 497 3490 quatuor
510 3414 654 3476 tabernas
676 3414 706 3474 in
727 3413 880 3489 publicum
899 3412 984 3483 emit,
999 3408 1103 3470 basili·

133 3504 253 3574 tamque
267 3498 313 3564 ibi
324 3499 414 3574 leon„
429 3513 508 3575 quae
522 3497 631 3559 Porcia
645 3498 800 3573 appellata
814 3502 870 3557 est.
901 3501 931 3555 et
944 3490 1103 3568 vectigalia
