<?xml version="1.0" encoding="UTF-8"?>
<!DOCTYPE html PUBLIC "-//W3C//DTD XHTML 1.0 Transitional//EN"
    "http://www.w3.org/TR/xhtml1/DTD/xhtml1-transitional.dtd">
<html xmlns="http://www.w3.org/1999/xhtml" xml:lang="en" lang="en">
 <head>
  <title>
</title>
<meta http-equiv="Content-Type" content="text/html;charset=utf-8" />
  <meta name='ocr-system' content='tesseract 3.04.00' />
  <meta name='ocr-capabilities' content='ocr_page ocr_carea ocr_par ocr_line ocrx_word'/>
</head>
<body>
  <div class='ocr_page' id='page_1' title='image "./aburbeconditali01mlgoog_0205.png"; bbox 0 0 2642 4017; ppageno 0'>
   <div class='ocr_carea' id='block_1_1' title="bbox 290 237 1091 322">
    <p class='ocr_par' dir='ltr' id='par_1_1' title="bbox 290 237 1091 322">
     <span class='ocr_line' id='line_1_1' title="bbox 290 237 1091 322; baseline 0.012 -25"><span class='ocrx_word' id='word_1_1' title='bbox 290 237 407 299; x_wconf 80' lang='lat' dir='ltr'><strong>amun</strong></span> <span class='ocrx_word' id='word_1_2' title='bbox 421 239 509 298; x_wconf 79' lang='lat' dir='ltr'><strong>ntur.</strong></span> <span class='ocrx_word' id='word_1_3' title='bbox 532 238 615 298; x_wconf 79' lang='lat' dir='ltr'><strong>cnr.</strong></span> <span class='ocrx_word' id='word_1_4' title='bbox 632 247 731 303; x_wconf 72' lang='lat' dir='ltr'><strong>nm.</strong></span> <span class='ocrx_word' id='word_1_5' title='bbox 754 240 909 322; x_wconf 65' lang='lat' dir='ltr'><strong>[scau]</strong></span> <span class='ocrx_word' id='word_1_6' title='bbox 1026 244 1091 307; x_wconf 84' lang='lat' dir='ltr'><strong>roa</strong></span> 
     </span>
    </p>
   </div>
   <div class='ocr_carea' id='block_1_2' title="bbox 80 390 1142 3562">
    <p class='ocr_par' dir='ltr' id='par_1_2' title="bbox 80 390 1142 3562">
     <span class='ocr_line' id='line_1_2' title="bbox 102 390 1088 471; baseline 0.004 -17"><span class='ocrx_word' id='word_1_7' title='bbox 102 390 310 471; x_wconf 80' lang='lat' dir='ltr'>gloriarentur</span> <span class='ocrx_word' id='word_1_8' title='bbox 335 406 426 465; x_wconf 90' lang='lat' dir='ltr'><strong>quam</strong></span> <span class='ocrx_word' id='word_1_9' title='bbox 454 390 583 465; x_wconf 90' lang='lat' dir='ltr'><strong>decepto</strong></span> <span class='ocrx_word' id='word_1_10' title='bbox 610 406 666 465; x_wconf 91' lang='lat' dir='ltr'><strong>per</strong></span> <span class='ocrx_word' id='word_1_11' title='bbox 686 390 819 453; x_wconf 75' lang='lat' dir='ltr'><strong>indutias</strong></span> <span class='ocrx_word' id='word_1_12' title='bbox 841 401 871 454; x_wconf 89' lang='lat' dir='ltr'><strong>et</strong></span> <span class='ocrx_word' id='word_1_13' title='bbox 891 410 980 469; x_wconf 90' lang='lat' dir='ltr'><strong>spem</strong></span> <span class='ocrx_word' id='word_1_14' title='bbox 1000 398 1088 471; x_wconf 85' lang='lat' dir='ltr'><strong>pacis</strong></span> 
     </span>
     <span class='ocr_line' id='line_1_3' title="bbox 102 473 1087 556; baseline 0.003 -18"><span class='ocrx_word' id='word_1_15' title='bbox 102 493 189 553; x_wconf 85' lang='lat' dir='ltr'><strong>rege.</strong></span> <span class='ocrx_word' id='word_1_16' title='bbox 213 476 290 536; x_wconf 90' lang='lat' dir='ltr'><strong>adeo</strong></span> <span class='ocrx_word' id='word_1_17' title='bbox 306 473 387 534; x_wconf 91' lang='lat' dir='ltr'><strong>enim</strong></span> <span class='ocrx_word' id='word_1_18' title='bbox 400 475 598 550; x_wconf 80' lang='lat' dir='ltr'><strong>apparatibus</strong></span> <span class='ocrx_word' id='word_1_19' title='bbox 613 475 686 535; x_wconf 90' lang='lat' dir='ltr'><strong>belli</strong></span> <span class='ocrx_word' id='word_1_20' title='bbox 697 475 794 536; x_wconf 84' lang='lat' dir='ltr'><strong>tuisse</strong></span> <span class='ocrx_word' id='word_1_21' title='bbox 804 476 994 553; x_wconf 89' lang='lat' dir='ltr'><strong>instructum,</strong></span> <span class='ocrx_word' id='word_1_22' title='bbox 1009 480 1087 556; x_wconf 90' lang='lat' dir='ltr'><strong>ipsis</strong></span> 
     </span>
     <span class='ocr_line' id='line_1_4' title="bbox 103 557 1087 639; baseline 0.003 -18"><span class='ocrx_word' id='word_1_23' title='bbox 103 563 190 622; x_wconf 90' lang='lat' dir='ltr'><strong>nulla</strong></span> <span class='ocrx_word' id='word_1_24' title='bbox 210 565 318 635; x_wconf 87' lang='lat' dir='ltr'><strong>parata</strong></span> <span class='ocrx_word' id='word_1_25' title='bbox 336 574 385 633; x_wconf 90' lang='lat' dir='ltr'><strong>re,</strong></span> <span class='ocrx_word' id='word_1_26' title='bbox 410 564 444 617; x_wconf 92' lang='lat' dir='ltr'><strong>ut</strong></span> <span class='ocrx_word' id='word_1_27' title='bbox 466 557 569 618; x_wconf 89' lang='lat' dir='ltr'><strong>omnia</strong></span> <span class='ocrx_word' id='word_1_28' title='bbox 589 565 762 633; x_wconf 87' lang='lat' dir='ltr'><strong>opportuna</strong></span> <span class='ocrx_word' id='word_1_29' title='bbox 781 562 852 620; x_wconf 89' lang='lat' dir='ltr'><strong>loca</strong></span> <span class='ocrx_word' id='word_1_30' title='bbox 865 565 1087 639; x_wconf 87' lang='lat' dir='ltr'><strong>praeoccupari</strong></span> 
     </span>
     <span class='ocr_line' id='line_1_5' title="bbox 104 642 1086 717; baseline 0.003 -12"><span class='ocrx_word' id='word_1_31' title='bbox 104 652 177 706; x_wconf 89' lang='lat' dir='ltr'><strong>ante</strong></span> <span class='ocrx_word' id='word_1_32' title='bbox 193 643 231 703; x_wconf 90' lang='lat' dir='ltr'><strong>ab</strong></span> <span class='ocrx_word' id='word_1_33' title='bbox 247 658 285 702; x_wconf 91' lang='lat' dir='ltr'><strong>eo</strong></span> <span class='ocrx_word' id='word_1_34' title='bbox 300 642 462 717; x_wconf 86' lang='lat' dir='ltr'><strong>potuerint,</strong></span> <span class='ocrx_word' id='word_1_35' title='bbox 483 657 576 716; x_wconf 92' lang='lat' dir='ltr'><strong>quam</strong></span> <span class='ocrx_word' id='word_1_36' title='bbox 590 643 745 704; x_wconf 86' lang='lat' dir='ltr'><strong>exercitus</strong></span> <span class='ocrx_word' id='word_1_37' title='bbox 758 643 789 703; x_wconf 91' lang='lat' dir='ltr'><strong>in</strong></span> <span class='ocrx_word' id='word_1_38' title='bbox 806 643 963 705; x_wconf 76' lang='lat' dir='ltr'><strong>Graeciam</strong></span> <span class='ocrx_word' id='word_1_39' title='bbox 978 647 1086 708; x_wconf 88' lang='lat' dir='ltr'><strong>traice·</strong></span> 
     </span>
     <span class='ocr_line' id='line_1_6' title="bbox 104 724 1087 803; baseline 0.003 -14"><span class='ocrx_word' id='word_1_40' title='bbox 104 736 200 789; x_wconf 91' lang='lat' dir='ltr'><strong>retur.</strong></span> <span class='ocrx_word' id='word_1_41' title='bbox 222 726 324 801; x_wconf 90' lang='lat' dir='ltr'><strong>spatio</strong></span> <span class='ocrx_word' id='word_1_42' title='bbox 346 732 446 786; x_wconf 84' lang='lat' dir='ltr'><strong>autem</strong></span> <span class='ocrx_word' id='word_1_43' title='bbox 467 724 651 787; x_wconf 79' lang='lat' dir='ltr'><strong>indutiarum</strong></span> <span class='ocrx_word' id='word_1_44' title='bbox 667 735 789 803; x_wconf 90' lang='lat' dir='ltr'><strong>sumpto</strong></span> <span class='ocrx_word' id='word_1_45' title='bbox 805 742 912 788; x_wconf 86' lang='lat' dir='ltr'><strong>secum</strong></span> <span class='ocrx_word' id='word_1_46' title='bbox 926 736 1087 792; x_wconf 87' lang='lat' dir='ltr'><strong>venturum</strong></span> 
     </span>
     <span class='ocr_line' id='line_1_7' title="bbox 104 808 1086 884; baseline 0.003 -12"><span class='ocrx_word' id='word_1_47' title='bbox 104 813 189 873; x_wconf 90' lang='lat' dir='ltr'><strong>illum</strong></span> <span class='ocrx_word' id='word_1_48' title='bbox 204 810 297 871; x_wconf 86' lang='lat' dir='ltr'><strong>nihilo</strong></span> <span class='ocrx_word' id='word_1_49' title='bbox 314 808 511 884; x_wconf 78' lang='lat' dir='ltr'><strong>paratiorem,</strong></span> <span class='ocrx_word' id='word_1_50' title='bbox 531 811 690 871; x_wconf 87' lang='lat' dir='ltr'><strong>Romanos</strong></span> <span class='ocrx_word' id='word_1_51' title='bbox 711 810 854 872; x_wconf 89' lang='lat' dir='ltr'><strong>omnibus</strong></span> <span class='ocrx_word' id='word_1_52' title='bbox 874 813 1086 875; x_wconf 77' lang='lat' dir='ltr'><strong>instructiores</strong></span> 
     </span>
     <span class='ocr_line' id='line_1_8' title="bbox 102 892 1088 971; baseline 0.005 -17"><span class='ocrx_word' id='word_1_53' title='bbox 102 897 199 956; x_wconf 88' lang='lat' dir='ltr'><strong>rebus</strong></span> <span class='ocrx_word' id='word_1_54' title='bbox 215 899 381 970; x_wconf 87' lang='lat' dir='ltr'><strong>coepturos</strong></span> <span class='ocrx_word' id='word_1_55' title='bbox 395 893 518 953; x_wconf 91' lang='lat' dir='ltr'><strong>bellum.</strong></span> <span class='ocrx_word' id='word_1_56' title='bbox 539 892 727 955; x_wconf 87' lang='lat' dir='ltr'><strong>Boeotorum</strong></span> <span class='ocrx_word' id='word_1_57' title='bbox 739 910 913 971; x_wconf 75' lang='lat' dir='ltr'><strong>quoquere</strong></span> <span class='ocrx_word' id='word_1_58' title='bbox 924 897 1088 959; x_wconf 87' lang='lat' dir='ltr'><strong>concilium</strong></span> 
     </span>
     <span class='ocr_line' id='line_1_9' title="bbox 103 976 1085 1054; baseline 0.004 -16"><span class='ocrx_word' id='word_1_59' title='bbox 103 985 171 1039; x_wconf 88' lang='lat' dir='ltr'><strong>arte</strong></span> <span class='ocrx_word' id='word_1_60' title='bbox 186 977 383 1052; x_wconf 86' lang='lat' dir='ltr'><strong>distraxisse,</strong></span> <span class='ocrx_word' id='word_1_61' title='bbox 406 993 445 1035; x_wconf 87' lang='lat' dir='ltr'><strong>ne</strong></span> <span class='ocrx_word' id='word_1_62' title='bbox 460 976 604 1052; x_wconf 88' lang='lat' dir='ltr'><strong>coniungi</strong></span> <span class='ocrx_word' id='word_1_63' title='bbox 625 977 757 1054; x_wconf 90' lang='lat' dir='ltr'><strong>amplius</strong></span> <span class='ocrx_word' id='word_1_64' title='bbox 771 979 835 1039; x_wconf 87' lang='lat' dir='ltr'><strong>ullo</strong></span> <span class='ocrx_word' id='word_1_65' title='bbox 849 988 1007 1041; x_wconf 89' lang='lat' dir='ltr'><strong>consensu</strong></span> <span class='ocrx_word' id='word_1_66' title='bbox 1021 981 1085 1042; x_wconf 61' lang='lat' dir='ltr'><strong>Ma*</strong></span> 
     </span>
     <span class='ocr_line' id='line_1_10' title="bbox 104 1059 1085 1140; baseline 0.004 -18"><span class='ocrx_word' id='word_1_67' title='bbox 104 1062 276 1122; x_wconf 89' lang='lat' dir='ltr'><strong>cedonibus</strong></span> <span class='ocrx_word' id='word_1_68' title='bbox 298 1067 439 1137; x_wconf 64' lang='lat' dir='ltr'><strong>possent·</strong></span> <span class='ocrx_word' id='word_1_69' title='bbox 467 1059 544 1121; x_wconf 90' lang='lat' dir='ltr'><strong>haec</strong></span> <span class='ocrx_word' id='word_1_70' title='bbox 564 1068 599 1121; x_wconf 88' lang='lat' dir='ltr'><strong>ut</strong></span> <span class='ocrx_word' id='word_1_71' title='bbox 619 1077 738 1122; x_wconf 90' lang='lat' dir='ltr'><strong>summa</strong></span> <span class='ocrx_word' id='word_1_72' title='bbox 758 1062 878 1124; x_wconf 80' lang='lat' dir='ltr'><strong>ratione</strong></span> <span class='ocrx_word' id='word_1_73' title='bbox 891 1070 960 1124; x_wconf 85' lang='lat' dir='ltr'><strong>aeta</strong></span> <span class='ocrx_word' id='word_1_74' title='bbox 973 1074 1085 1140; x_wconf 66' lang='lat' dir='ltr'><strong>mna</strong></span> 
     </span>
     <span class='ocr_line' id='line_1_11' title="bbox 104 1144 1084 1223; baseline 0.005 -18"><span class='ocrx_word' id='word_1_75' title='bbox 104 1162 181 1222; x_wconf 87' lang='lat' dir='ltr'><strong>pars</strong></span> <span class='ocrx_word' id='word_1_76' title='bbox 196 1152 321 1206; x_wconf 88' lang='lat' dir='ltr'><strong>senatus</strong></span> <span class='ocrx_word' id='word_1_77' title='bbox 337 1144 544 1220; x_wconf 84' lang='lat' dir='ltr'><strong>approbabat:</strong></span> <span class='ocrx_word' id='word_1_78' title='bbox 559 1151 681 1206; x_wconf 82' lang='lat' dir='ltr'><strong>veteres</strong></span> <span class='ocrx_word' id='word_1_79' title='bbox 695 1153 726 1206; x_wconf 88' lang='lat' dir='ltr'><strong>et</strong></span> <span class='ocrx_word' id='word_1_80' title='bbox 736 1147 829 1208; x_wconf 91' lang='lat' dir='ltr'><strong>moris</strong></span> <span class='ocrx_word' id='word_1_81' title='bbox 842 1145 958 1223; x_wconf 87' lang='lat' dir='ltr'><strong>antiqui</strong></span> <span class='ocrx_word' id='word_1_82' title='bbox 969 1164 1084 1211; x_wconf 87' lang='lat' dir='ltr'><strong>memo·</strong></span> 
     </span>
     <span class='ocr_line' id='line_1_12' title="bbox 103 1226 1083 1306; baseline 0.001 -16"><span class='ocrx_word' id='word_1_83' title='bbox 103 1245 156 1290; x_wconf 91' lang='lat' dir='ltr'><strong>res</strong></span> <span class='ocrx_word' id='word_1_84' title='bbox 172 1228 325 1304; x_wconf 81' lang='lat' dir='ltr'><strong>negabant</strong></span> <span class='ocrx_word' id='word_1_85' title='bbox 339 1244 374 1288; x_wconf 90' lang='lat' dir='ltr'><strong>se</strong></span> <span class='ocrx_word' id='word_1_86' title='bbox 389 1228 419 1287; x_wconf 94' lang='lat' dir='ltr'><strong>in</strong></span> <span class='ocrx_word' id='word_1_87' title='bbox 431 1243 469 1288; x_wconf 88' lang='lat' dir='ltr'><strong>ea</strong></span> <span class='ocrx_word' id='word_1_88' title='bbox 479 1226 633 1302; x_wconf 87' lang='lat' dir='ltr'><strong>legatione</strong></span> <span class='ocrx_word' id='word_1_89' title='bbox 642 1230 799 1291; x_wconf 86' lang='lat' dir='ltr'><strong>Romanas</strong></span> <span class='ocrx_word' id='word_1_90' title='bbox 810 1242 981 1306; x_wconf 77' lang='lat' dir='ltr'><strong>agnoscere</strong></span> <span class='ocrx_word' id='word_1_91' title='bbox 992 1239 1083 1293; x_wconf 86' lang='lat' dir='ltr'><strong>artes.</strong></span> 
     </span>
     <span class='ocr_line' id='line_1_13' title="bbox 104 1310 1142 1389; baseline 0.005 -16"><span class='ocrx_word' id='word_1_92' title='bbox 104 1330 169 1374; x_wconf 92' lang='lat' dir='ltr'><strong>non</strong></span> <span class='ocrx_word' id='word_1_93' title='bbox 181 1327 237 1388; x_wconf 90' lang='lat' dir='ltr'><strong>per</strong></span> <span class='ocrx_word' id='word_1_94' title='bbox 247 1310 377 1372; x_wconf 86' lang='lat' dir='ltr'><strong>insidias</strong></span> <span class='ocrx_word' id='word_1_95' title='bbox 388 1319 419 1372; x_wconf 89' lang='lat' dir='ltr'><strong>et</strong></span> <span class='ocrx_word' id='word_1_96' title='bbox 428 1318 579 1372; x_wconf 87' lang='lat' dir='ltr'><strong>nocturna</strong></span> <span class='ocrx_word' id='word_1_97' title='bbox 589 1312 715 1388; x_wconf 92' lang='lat' dir='ltr'><strong>proelia,</strong></span> <span class='ocrx_word' id='word_1_98' title='bbox 729 1328 787 1374; x_wconf 89' lang='lat' dir='ltr'><strong>uec</strong></span> <span class='ocrx_word' id='word_1_99' title='bbox 799 1314 971 1375; x_wconf 84' lang='lat' dir='ltr'><strong>simulatam</strong></span> <span class='ocrx_word' id='word_1_100' title='bbox 981 1317 1084 1389; x_wconf 85' lang='lat' dir='ltr'><strong>lugam</strong></span> <span class='ocrx_word' id='word_1_101' title='bbox 1139 1354 1142 1361; x_wconf 84' lang='lat'>·</span> 
     </span>
     <span class='ocr_line' id='line_1_14' title="bbox 104 1395 1084 1473; baseline 0.003 -15"><span class='ocrx_word' id='word_1_102' title='bbox 104 1396 354 1473; x_wconf 88' lang='lat' dir='ltr'><strong>improvisosque</strong></span> <span class='ocrx_word' id='word_1_103' title='bbox 374 1396 413 1454; x_wconf 91' lang='lat' dir='ltr'><strong>ad</strong></span> <span class='ocrx_word' id='word_1_104' title='bbox 434 1395 588 1456; x_wconf 89' lang='lat' dir='ltr'><strong>incautum</strong></span> <span class='ocrx_word' id='word_1_105' title='bbox 603 1396 724 1457; x_wconf 90' lang='lat' dir='ltr'><strong>bostem</strong></span> <span class='ocrx_word' id='word_1_106' title='bbox 737 1397 872 1472; x_wconf 90' lang='lat' dir='ltr'><strong>reditus,</strong></span> <span class='ocrx_word' id='word_1_107' title='bbox 896 1412 955 1458; x_wconf 84' lang='lat' dir='ltr'><strong>nec</strong></span> <span class='ocrx_word' id='word_1_108' title='bbox 968 1404 1003 1459; x_wconf 94' lang='lat' dir='ltr'><strong>ut</strong></span> <span class='ocrx_word' id='word_1_109' title='bbox 1016 1406 1084 1462; x_wconf 87' lang='lat' dir='ltr'><strong>astu</strong></span> 
     </span>
     <span class='ocr_line' id='line_1_15' title="bbox 104 1479 1085 1556; baseline 0.003 -16"><span class='ocrx_word' id='word_1_110' title='bbox 104 1480 203 1555; x_wconf 90' lang='lat' dir='ltr'><strong>magis</strong></span> <span class='ocrx_word' id='word_1_111' title='bbox 219 1495 311 1554; x_wconf 90' lang='lat' dir='ltr'><strong>quam</strong></span> <span class='ocrx_word' id='word_1_112' title='bbox 325 1494 398 1539; x_wconf 91' lang='lat' dir='ltr'><strong>vera</strong></span> <span class='ocrx_word' id='word_1_113' title='bbox 414 1479 521 1539; x_wconf 89' lang='lat' dir='ltr'><strong>virtute</strong></span> <span class='ocrx_word' id='word_1_114' title='bbox 535 1479 751 1554; x_wconf 79' lang='lat' dir='ltr'><strong>gloriarentur,</strong></span> <span class='ocrx_word' id='word_1_115' title='bbox 773 1480 854 1540; x_wconf 92' lang='lat' dir='ltr'><strong>bella</strong></span> <span class='ocrx_word' id='word_1_116' title='bbox 867 1479 1000 1542; x_wconf 89' lang='lat' dir='ltr'><strong>maiores</strong></span> <span class='ocrx_word' id='word_1_117' title='bbox 1014 1496 1085 1556; x_wconf 91' lang='lat' dir='ltr'><strong>ges-</strong></span> 
     </span>
     <span class='ocr_line' id='line_1_16' title="bbox 103 1563 1083 1638; baseline 0 -13"><span class='ocrx_word' id='word_1_118' title='bbox 103 1563 203 1626; x_wconf 73' lang='lat' dir='ltr'><strong>sisse:</strong></span> <span class='ocrx_word' id='word_1_119' title='bbox 231 1563 367 1624; x_wconf 84' lang='lat' dir='ltr'><strong>indicere</strong></span> <span class='ocrx_word' id='word_1_120' title='bbox 387 1563 473 1638; x_wconf 91' lang='lat' dir='ltr'><strong>prius</strong></span> <span class='ocrx_word' id='word_1_121' title='bbox 494 1578 586 1637; x_wconf 91' lang='lat' dir='ltr'><strong>quarn</strong></span> <span class='ocrx_word' id='word_1_122' title='bbox 600 1578 709 1638; x_wconf 86' lang='lat' dir='ltr'><strong>gerere</strong></span> <span class='ocrx_word' id='word_1_123' title='bbox 723 1563 941 1638; x_wconf 71' lang='lat' dir='ltr'><strong>solitos-bella,</strong></span> <span class='ocrx_word' id='word_1_124' title='bbox 967 1564 1083 1625; x_wconf 90' lang='lat' dir='ltr'><strong>denun-</strong></span> 
     </span>
     <span class='ocr_line' id='line_1_17' title="bbox 102 1645 1081 1722; baseline 0.002 -14"><span class='ocrx_word' id='word_1_125' title='bbox 102 1651 182 1709; x_wconf 90' lang='lat' dir='ltr'><strong>tiare</strong></span> <span class='ocrx_word' id='word_1_126' title='bbox 203 1647 294 1707; x_wconf 91' lang='lat' dir='ltr'><strong>etiam</strong></span> <span class='ocrx_word' id='word_1_127' title='bbox 314 1645 466 1707; x_wconf 90' lang='lat' dir='ltr'><strong>interdum</strong></span> <span class='ocrx_word' id='word_1_128' title='bbox 487 1645 520 1684; x_wconf 86' lang='lat'><strong>**</strong></span> <span class='ocrx_word' id='word_1_129' title='bbox 541 1645 629 1706; x_wconf 84' lang='lat' dir='ltr'><strong>finire</strong></span> <span class='ocrx_word' id='word_1_130' title='bbox 649 1646 680 1706; x_wconf 91' lang='lat' dir='ltr'><strong>in</strong></span> <span class='ocrx_word' id='word_1_131' title='bbox 702 1663 764 1722; x_wconf 93' lang='lat' dir='ltr'><strong>quo</strong></span> <span class='ocrx_word' id='word_1_132' title='bbox 785 1646 953 1708; x_wconf 78' lang='lat' dir='ltr'><strong>dimicatiui</strong></span> <span class='ocrx_word' id='word_1_133' title='bbox 968 1655 1081 1710; x_wconf 82' lang='lat' dir='ltr'><strong>essent</strong></span> 
     </span>
     <span class='ocr_line' id='line_1_18' title="bbox 103 1728 1083 1807; baseline 0.003 -17"><span class='ocrx_word' id='word_1_134' title='bbox 103 1731 215 1791; x_wconf 89' lang='lat' dir='ltr'><strong>eadem</strong></span> <span class='ocrx_word' id='word_1_135' title='bbox 228 1730 290 1790; x_wconf 88' lang='lat' dir='ltr'><strong>fide</strong></span> <span class='ocrx_word' id='word_1_136' title='bbox 304 1730 470 1790; x_wconf 88' lang='lat' dir='ltr'><strong>indicatum</strong></span> <span class='ocrx_word' id='word_1_137' title='bbox 483 1728 602 1807; x_wconf 82' lang='lat' dir='ltr'><strong>Pyrrho</strong></span> <span class='ocrx_word' id='word_1_138' title='bbox 615 1731 681 1805; x_wconf 91' lang='lat' dir='ltr'><strong>regi</strong></span> <span class='ocrx_word' id='word_1_139' title='bbox 696 1730 847 1791; x_wconf 88' lang='lat' dir='ltr'><strong>medicum</strong></span> <span class='ocrx_word' id='word_1_140' title='bbox 862 1730 942 1793; x_wconf 86' lang='lat' dir='ltr'><strong>vitae</strong></span> <span class='ocrx_word' id='word_1_141' title='bbox 957 1732 1024 1793; x_wconf 86' lang='lat' dir='ltr'><strong>eius</strong></span> <span class='ocrx_word' id='word_1_142' title='bbox 1038 1732 1083 1793; x_wconf 90' lang='lat' dir='ltr'><strong>in-</strong></span> 
     </span>
     <span class='ocr_line' id='line_1_19' title="bbox 102 1811 1083 1890; baseline 0.001 -14"><span class='ocrx_word' id='word_1_143' title='bbox 102 1815 282 1883; x_wconf 65' lang='lat' dir='ltr'><strong>sidiantem</strong></span> <span class='ocrx_word' id='word_1_144' title='bbox 307 1814 415 1874; x_wconf 88' lang='lat' dir='ltr'><strong>eadem</strong></span> <span class='ocrx_word' id='word_1_145' title='bbox 433 1811 563 1873; x_wconf 83' lang='lat' dir='ltr'><strong>Faliscis</strong></span> <span class='ocrx_word' id='word_1_146' title='bbox 585 1813 719 1874; x_wconf 88' lang='lat' dir='ltr'><strong>vinctum</strong></span> <span class='ocrx_word' id='word_1_147' title='bbox 738 1812 881 1875; x_wconf 79' lang='lat' dir='ltr'><strong>uaditum</strong></span> <span class='ocrx_word' id='word_1_148' title='bbox 895 1816 1083 1890; x_wconf 85' lang='lat' dir='ltr'><strong>proditorem</strong></span> 
     </span>
     <span class='ocr_line' id='line_1_20' title="bbox 103 1895 1082 1972; baseline 0.001 -13"><span class='ocrx_word' id='word_1_149' title='bbox 103 1898 270 1959; x_wconf 90' lang='lat' dir='ltr'><strong>liberorum</strong></span> <span class='ocrx_word' id='word_1_150' title='bbox 285 1897 376 1972; x_wconf 90' lang='lat' dir='ltr'><strong>regis.</strong></span> <span class='ocrx_word' id='word_1_151' title='bbox 395 1895 473 1957; x_wconf 89' lang='lat' dir='ltr'><strong>haec</strong></span> <span class='ocrx_word' id='word_1_152' title='bbox 487 1897 626 1957; x_wconf 86' lang='lat' dir='ltr'><strong>Romana</strong></span> <span class='ocrx_word' id='word_1_153' title='bbox 639 1911 720 1970; x_wconf 87' lang='lat' dir='ltr'><strong>esse,</strong></span> <span class='ocrx_word' id='word_1_154' title='bbox 736 1913 798 1958; x_wconf 92' lang='lat' dir='ltr'><strong>non</strong></span> <span class='ocrx_word' id='word_1_155' title='bbox 813 1899 1014 1959; x_wconf 88' lang='lat' dir='ltr'><strong>versutiarum</strong></span> <span class='ocrx_word' id='word_1_156' title='bbox 1025 1900 1082 1960; x_wconf 84' lang='lat' dir='ltr'><strong>Pu·</strong></span> 
     </span>
     <span class='ocr_line' id='line_1_21' title="bbox 102 1978 1085 2056; baseline -0.001 -15"><span class='ocrx_word' id='word_1_157' title='bbox 102 1981 241 2041; x_wconf 88' lang='lat' dir='ltr'><strong>nicarum</strong></span> <span class='ocrx_word' id='word_1_158' title='bbox 265 1996 367 2056; x_wconf 90' lang='lat' dir='ltr'><strong>neque</strong></span> <span class='ocrx_word' id='word_1_159' title='bbox 392 1978 564 2040; x_wconf 87' lang='lat' dir='ltr'><strong>calliditatis</strong></span> <span class='ocrx_word' id='word_1_160' title='bbox 588 1981 738 2055; x_wconf 89' lang='lat' dir='ltr'><strong>Graecae,</strong></span> <span class='ocrx_word' id='word_1_161' title='bbox 764 1981 849 2056; x_wconf 91' lang='lat' dir='ltr'><strong>apud</strong></span> <span class='ocrx_word' id='word_1_162' title='bbox 874 1997 954 2056; x_wconf 86' lang='lat' dir='ltr'><strong>quos</strong></span> <span class='ocrx_word' id='word_1_163' title='bbox 979 1983 1085 2042; x_wconf 84' lang='lat' dir='ltr'><strong>tallere</strong></span> 
     </span>
     <span class='ocr_line' id='line_1_22' title="bbox 80 2061 1083 2143; baseline 0 -19"><span class='ocrx_word' id='word_1_164' title='bbox 80 2065 225 2143; x_wconf 21' lang='lat' dir='ltr'><strong>*hostem</strong></span> <span class='ocrx_word' id='word_1_165' title='bbox 245 2080 336 2140; x_wconf 90' lang='lat' dir='ltr'><strong>quam</strong></span> <span class='ocrx_word' id='word_1_166' title='bbox 355 2061 387 2123; x_wconf 86' lang='lat' dir='ltr'><strong>vi</strong></span> <span class='ocrx_word' id='word_1_167' title='bbox 407 2078 556 2139; x_wconf 89' lang='lat' dir='ltr'><strong>superare</strong></span> <span class='ocrx_word' id='word_1_168' title='bbox 574 2063 740 2139; x_wconf 90' lang='lat' dir='ltr'><strong>gloriosius</strong></span> <span class='ocrx_word' id='word_1_169' title='bbox 760 2065 859 2125; x_wconf 83' lang='lat' dir='ltr'><strong>luerit.</strong></span> <span class='ocrx_word' id='word_1_170' title='bbox 887 2063 1037 2125; x_wconf 87' lang='lat' dir='ltr'><strong>interdum</strong></span> <span class='ocrx_word' id='word_1_171' title='bbox 1052 2064 1083 2125; x_wconf 92' lang='lat' dir='ltr'><strong>in</strong></span> 
     </span>
     <span class='ocr_line' id='line_1_23' title="bbox 102 2147 1083 2223; baseline 0.003 -17"><span class='ocrx_word' id='word_1_172' title='bbox 102 2161 255 2223; x_wconf 88' lang='lat' dir='ltr'><strong>praesens</strong></span> <span class='ocrx_word' id='word_1_173' title='bbox 271 2155 392 2223; x_wconf 89' lang='lat' dir='ltr'><strong>tempus</strong></span> <span class='ocrx_word' id='word_1_174' title='bbox 406 2147 476 2221; x_wconf 88' lang='lat' dir='ltr'><strong>plus</strong></span> <span class='ocrx_word' id='word_1_175' title='bbox 491 2148 600 2223; x_wconf 90' lang='lat' dir='ltr'><strong>protlci</strong></span> <span class='ocrx_word' id='word_1_176' title='bbox 615 2147 687 2208; x_wconf 89' lang='lat' dir='ltr'><strong>dolo</strong></span> <span class='ocrx_word' id='word_1_177' title='bbox 702 2164 794 2222; x_wconf 89' lang='lat' dir='ltr'><strong>quam</strong></span> <span class='ocrx_word' id='word_1_178' title='bbox 807 2149 932 2208; x_wconf 72' lang='lat' dir='ltr'><strong>virtuter</strong></span> <span class='ocrx_word' id='word_1_179' title='bbox 948 2147 1005 2209; x_wconf 91' lang='lat' dir='ltr'><strong>sed</strong></span> <span class='ocrx_word' id='word_1_180' title='bbox 1016 2148 1083 2209; x_wconf 87' lang='lat' dir='ltr'><strong>eius</strong></span> 
     </span>
     <span class='ocr_line' id='line_1_24' title="bbox 103 2230 1082 2307; baseline 0.001 -16"><span class='ocrx_word' id='word_1_181' title='bbox 103 2232 226 2291; x_wconf 89' lang='lat' dir='ltr'><strong>demum</strong></span> <span class='ocrx_word' id='word_1_182' title='bbox 251 2232 384 2291; x_wconf 89' lang='lat' dir='ltr'><strong>animum</strong></span> <span class='ocrx_word' id='word_1_183' title='bbox 408 2230 439 2289; x_wconf 92' lang='lat' dir='ltr'><strong>in</strong></span> <span class='ocrx_word' id='word_1_184' title='bbox 461 2239 642 2306; x_wconf 91' lang='lat' dir='ltr'><strong>perpetuum</strong></span> <span class='ocrx_word' id='word_1_185' title='bbox 662 2230 754 2307; x_wconf 85' lang='lat' dir='ltr'><strong>vinci,</strong></span> <span class='ocrx_word' id='word_1_186' title='bbox 781 2232 830 2292; x_wconf 93' lang='lat' dir='ltr'><strong>cui</strong></span> <span class='ocrx_word' id='word_1_187' title='bbox 852 2232 1008 2293; x_wconf 78' lang='lat' dir='ltr'><strong>consessio</strong></span> <span class='ocrx_word' id='word_1_188' title='bbox 1030 2247 1082 2292; x_wconf 85' lang='lat' dir='ltr'><strong>ex·</strong></span> 
     </span>
     <span class='ocr_line' id='line_1_25' title="bbox 102 2315 1082 2391; baseline 0.001 -17"><span class='ocrx_word' id='word_1_189' title='bbox 102 2331 215 2391; x_wconf 89' lang='lat' dir='ltr'><strong>pressa</strong></span> <span class='ocrx_word' id='word_1_190' title='bbox 230 2315 270 2375; x_wconf 90' lang='lat' dir='ltr'><strong>sit</strong></span> <span class='ocrx_word' id='word_1_191' title='bbox 284 2328 435 2389; x_wconf 87' lang='lat' dir='ltr'><strong>seneque</strong></span> <span class='ocrx_word' id='word_1_192' title='bbox 450 2320 515 2374; x_wconf 90' lang='lat' dir='ltr'><strong>arte</strong></span> <span class='ocrx_word' id='word_1_193' title='bbox 529 2330 631 2391; x_wconf 90' lang='lat' dir='ltr'><strong>neque</strong></span> <span class='ocrx_word' id='word_1_194' title='bbox 646 2330 731 2387; x_wconf 91' lang='lat' dir='ltr'><strong>casu,</strong></span> <span class='ocrx_word' id='word_1_195' title='bbox 753 2315 810 2376; x_wconf 88' lang='lat' dir='ltr'><strong>sed</strong></span> <span class='ocrx_word' id='word_1_196' title='bbox 826 2315 944 2377; x_wconf 85' lang='lat' dir='ltr'><strong>collatis</strong></span> <span class='ocrx_word' id='word_1_197' title='bbox 959 2316 1082 2376; x_wconf 90' lang='lat' dir='ltr'><strong>commi·</strong></span> 
     </span>
     <span class='ocr_line' id='line_1_26' title="bbox 102 2396 1082 2474; baseline 0 -16"><span class='ocrx_word' id='word_1_198' title='bbox 102 2415 162 2459; x_wconf 90' lang='lat' dir='ltr'><strong>nus</strong></span> <span class='ocrx_word' id='word_1_199' title='bbox 175 2396 310 2472; x_wconf 91' lang='lat' dir='ltr'><strong>viribus,</strong></span> <span class='ocrx_word' id='word_1_200' title='bbox 330 2397 410 2458; x_wconf 90' lang='lat' dir='ltr'><strong>iusto</strong></span> <span class='ocrx_word' id='word_1_201' title='bbox 426 2413 462 2457; x_wconf 91' lang='lat' dir='ltr'><strong>ec</strong></span> <span class='ocrx_word' id='word_1_202' title='bbox 484 2398 536 2473; x_wconf 92' lang='lat' dir='ltr'><strong>pio</strong></span> <span class='ocrx_word' id='word_1_203' title='bbox 550 2398 632 2460; x_wconf 89' lang='lat' dir='ltr'><strong>bello</strong></span> <span class='ocrx_word' id='word_1_204' title='bbox 648 2414 719 2460; x_wconf 88' lang='lat' dir='ltr'><strong>esse</strong></span> <span class='ocrx_word' id='word_1_205' title='bbox 735 2406 920 2474; x_wconf 87' lang='lat' dir='ltr'><strong>superatum.</strong></span> <span class='ocrx_word' id='word_1_206' title='bbox 941 2398 1019 2460; x_wconf 88' lang='lat' dir='ltr'><strong>haec</strong></span> <span class='ocrx_word' id='word_1_207' title='bbox 1033 2415 1082 2459; x_wconf 93' lang='lat' dir='ltr'><strong>se·</strong></span> 
     </span>
     <span class='ocr_line' id='line_1_27' title="bbox 101 2480 1084 2558; baseline 0.002 -17"><span class='ocrx_word' id='word_1_208' title='bbox 101 2482 222 2554; x_wconf 89' lang='lat' dir='ltr'><strong>niores,</strong></span> <span class='ocrx_word' id='word_1_209' title='bbox 245 2481 356 2558; x_wconf 89' lang='lat' dir='ltr'><strong>quibus</strong></span> <span class='ocrx_word' id='word_1_210' title='bbox 377 2497 458 2542; x_wconf 92' lang='lat' dir='ltr'><strong>nova</strong></span> <span class='ocrx_word' id='word_1_211' title='bbox 478 2497 515 2541; x_wconf 88' lang='lat' dir='ltr'><strong>ea</strong></span> <span class='ocrx_word' id='word_1_212' title='bbox 535 2480 635 2544; x_wconf 91' lang='lat' dir='ltr'><strong>minus</strong></span> <span class='ocrx_word' id='word_1_213' title='bbox 656 2483 799 2558; x_wconf 86' lang='lat' dir='ltr'><strong>placebat</strong></span> <span class='ocrx_word' id='word_1_214' title='bbox 818 2483 988 2558; x_wconf 76' lang='lat' dir='ltr'><strong>sapientias</strong></span> <span class='ocrx_word' id='word_1_215' title='bbox 1010 2482 1084 2543; x_wconf 91' lang='lat' dir='ltr'><strong>vicit</strong></span> 
     </span>
     <span class='ocr_line' id='line_1_28' title="bbox 101 2565 1083 2642; baseline 0 -16"><span class='ocrx_word' id='word_1_216' title='bbox 101 2573 205 2627; x_wconf 87' lang='lat' dir='ltr'><strong>tamen</strong></span> <span class='ocrx_word' id='word_1_217' title='bbox 220 2581 257 2625; x_wconf 90' lang='lat' dir='ltr'><strong>ea</strong></span> <span class='ocrx_word' id='word_1_218' title='bbox 268 2581 342 2642; x_wconf 90' lang='lat' dir='ltr'><strong>pars</strong></span> <span class='ocrx_word' id='word_1_219' title='bbox 354 2571 489 2640; x_wconf 89' lang='lat' dir='ltr'><strong>senatus,</strong></span> <span class='ocrx_word' id='word_1_220' title='bbox 505 2565 554 2626; x_wconf 92' lang='lat' dir='ltr'><strong>cui</strong></span> <span class='ocrx_word' id='word_1_221' title='bbox 566 2566 668 2641; x_wconf 91' lang='lat' dir='ltr'><strong>potior</strong></span> <span class='ocrx_word' id='word_1_222' title='bbox 677 2566 759 2628; x_wconf 88' lang='lat' dir='ltr'><strong>utilis</strong></span> <span class='ocrx_word' id='word_1_223' title='bbox 771 2582 863 2642; x_wconf 86' lang='lat' dir='ltr'><strong>quam</strong></span> <span class='ocrx_word' id='word_1_224' title='bbox 875 2566 997 2628; x_wconf 87' lang='lat' dir='ltr'><strong>honesti</strong></span> <span class='ocrx_word' id='word_1_225' title='bbox 1008 2582 1083 2628; x_wconf 89' lang='lat' dir='ltr'><strong>cura</strong></span> 
     </span>
     <span class='ocr_line' id='line_1_29' title="bbox 102 2648 1082 2725; baseline 0.002 -16"><span class='ocrx_word' id='word_1_226' title='bbox 102 2656 183 2722; x_wconf 91' lang='lat' dir='ltr'><strong>erat,</strong></span> <span class='ocrx_word' id='word_1_227' title='bbox 208 2655 243 2709; x_wconf 92' lang='lat' dir='ltr'><strong>ut</strong></span> <span class='ocrx_word' id='word_1_228' title='bbox 262 2648 515 2724; x_wconf 88' lang='lat' dir='ltr'><strong>comprobaretur</strong></span> <span class='ocrx_word' id='word_1_229' title='bbox 534 2650 620 2724; x_wconf 92' lang='lat' dir='ltr'><strong>prior</strong></span> <span class='ocrx_word' id='word_1_230' title='bbox 645 2649 756 2724; x_wconf 86' lang='lat' dir='ltr'><strong>legatio</strong></span> <span class='ocrx_word' id='word_1_231' title='bbox 777 2650 897 2725; x_wconf 85' lang='lat' dir='ltr'><strong>Marcii,</strong></span> <span class='ocrx_word' id='word_1_232' title='bbox 921 2658 952 2712; x_wconf 85' lang='lat' dir='ltr'><strong>et</strong></span> <span class='ocrx_word' id='word_1_233' title='bbox 971 2651 1082 2711; x_wconf 91' lang='lat' dir='ltr'><strong>eodem</strong></span> 
     </span>
     <span class='ocr_line' id='line_1_30' title="bbox 101 2733 1081 2809; baseline 0.002 -17"><span class='ocrx_word' id='word_1_234' title='bbox 101 2748 211 2792; x_wconf 75' lang='lat' dir='ltr'><strong>rausus</strong></span> <span class='ocrx_word' id='word_1_235' title='bbox 236 2733 266 2792; x_wconf 92' lang='lat' dir='ltr'><strong>in</strong></span> <span class='ocrx_word' id='word_1_236' title='bbox 293 2733 452 2793; x_wconf 88' lang='lat' dir='ltr'><strong>Graeciam</strong></span> <span class='ocrx_word' id='word_1_237' title='bbox 482 2748 550 2792; x_wconf 93' lang='lat' dir='ltr'><strong>cum</strong></span> <span class='ocrx_word' id='word_1_238' title='bbox 576 2734 847 2807; x_wconf 88' lang='lat' dir='ltr'><strong>quinqueremibus</strong></span> <span class='ocrx_word' id='word_1_239' title='bbox 871 2735 1081 2809; x_wconf 85' lang='lat' dir='ltr'><strong>remitteretur,</strong></span> 
     </span>
     <span class='ocr_line' id='line_1_31' title="bbox 101 2815 1080 2892; baseline 0.003 -17"><span class='ocrx_word' id='word_1_240' title='bbox 101 2815 318 2892; x_wconf 87' lang='lat' dir='ltr'><strong>iubereturque</strong></span> <span class='ocrx_word' id='word_1_241' title='bbox 334 2825 445 2890; x_wconf 89' lang='lat' dir='ltr'><strong>cetera,</strong></span> <span class='ocrx_word' id='word_1_242' title='bbox 459 2817 503 2876; x_wconf 93' lang='lat' dir='ltr'><strong>uti</strong></span> <span class='ocrx_word' id='word_1_243' title='bbox 517 2833 535 2876; x_wconf 88' lang='lat' dir='ltr'><strong>e</strong></span> <span class='ocrx_word' id='word_1_244' title='bbox 549 2831 584 2875; x_wconf 87' lang='lat' dir='ltr'><strong>re</strong></span> <span class='ocrx_word' id='word_1_245' title='bbox 598 2815 721 2891; x_wconf 89' lang='lat' dir='ltr'><strong>publica</strong></span> <span class='ocrx_word' id='word_1_246' title='bbox 735 2817 866 2876; x_wconf 89' lang='lat' dir='ltr'><strong>maxime</strong></span> <span class='ocrx_word' id='word_1_247' title='bbox 876 2816 976 2877; x_wconf 90' lang='lat' dir='ltr'><strong>visum</strong></span> <span class='ocrx_word' id='word_1_248' title='bbox 987 2824 1080 2890; x_wconf 84' lang='lat' dir='ltr'><strong>esset,</strong></span> 
     </span>
     <span class='ocr_line' id='line_1_32' title="bbox 100 2897 1080 2976; baseline 0.002 -18"><span class='ocrx_word' id='word_1_249' title='bbox 100 2914 204 2974; x_wconf 86' lang='lat' dir='ltr'><strong>agere.</strong></span> <span class='ocrx_word' id='word_1_250' title='bbox 226 2899 263 2958; x_wconf 88' lang='grc' dir='ltr'><strong>Α.</strong></span> <span class='ocrx_word' id='word_1_251' title='bbox 280 2915 406 2976; x_wconf 90' lang='lat' dir='ltr'><strong>quoque</strong></span> <span class='ocrx_word' id='word_1_252' title='bbox 419 2897 543 2959; x_wconf 85' lang='lat' dir='ltr'><strong>Atilium</strong></span> <span class='ocrx_word' id='word_1_253' title='bbox 558 2899 706 2960; x_wconf 88' lang='lat' dir='ltr'><strong>miserunt</strong></span> <span class='ocrx_word' id='word_1_254' title='bbox 721 2900 761 2960; x_wconf 90' lang='lat' dir='ltr'><strong>ad</strong></span> <span class='ocrx_word' id='word_1_255' title='bbox 776 2899 987 2974; x_wconf 87' lang='lat' dir='ltr'><strong>occupandam</strong></span> <span class='ocrx_word' id='word_1_256' title='bbox 997 2901 1080 2960; x_wconf 88' lang='lat' dir='ltr'><strong>Lari·</strong></span> 
     </span>
     <span class='ocr_line' id='line_1_33' title="bbox 101 2982 1081 3057; baseline 0 -13"><span class='ocrx_word' id='word_1_257' title='bbox 101 2999 169 3044; x_wconf 87' lang='lat' dir='ltr'><strong>sam</strong></span> <span class='ocrx_word' id='word_1_258' title='bbox 183 2983 214 3043; x_wconf 90' lang='lat' dir='ltr'><strong>iu</strong></span> <span class='ocrx_word' id='word_1_259' title='bbox 227 2982 386 3045; x_wconf 85' lang='lat' dir='ltr'><strong>Thessalia</strong></span> <span class='ocrx_word' id='word_1_260' title='bbox 400 2982 550 3057; x_wconf 85' lang='lat' dir='ltr'><strong>timentes,</strong></span> <span class='ocrx_word' id='word_1_261' title='bbox 570 2998 618 3054; x_wconf 86' lang='lat' dir='ltr'><strong>ne,</strong></span> <span class='ocrx_word' id='word_1_262' title='bbox 634 2984 661 3043; x_wconf 88' lang='lat' dir='ltr'><strong>si</strong></span> <span class='ocrx_word' id='word_1_263' title='bbox 676 2982 858 3044; x_wconf 91' lang='lat' dir='ltr'><strong>indutiarum</strong></span> <span class='ocrx_word' id='word_1_264' title='bbox 874 2983 941 3043; x_wconf 89' lang='lat' dir='ltr'><strong>dies</strong></span> <span class='ocrx_word' id='word_1_265' title='bbox 956 2983 1081 3057; x_wconf 85' lang='lat' dir='ltr'><strong>exisset,</strong></span> 
     </span>
     <span class='ocr_line' id='line_1_34' title="bbox 99 3066 1081 3142; baseline 0.003 -16"><span class='ocrx_word' id='word_1_266' title='bbox 99 3066 232 3128; x_wconf 88' lang='lat' dir='ltr'><strong>Perseus</strong></span> <span class='ocrx_word' id='word_1_267' title='bbox 248 3067 405 3142; x_wconf 88' lang='lat' dir='ltr'><strong>praesidio</strong></span> <span class='ocrx_word' id='word_1_268' title='bbox 420 3082 457 3128; x_wconf 88' lang='lat' dir='ltr'><strong>eo</strong></span> <span class='ocrx_word' id='word_1_269' title='bbox 473 3068 570 3127; x_wconf 92' lang='lat' dir='ltr'><strong>misso</strong></span> <span class='ocrx_word' id='word_1_270' title='bbox 586 3072 679 3141; x_wconf 90' lang='lat' dir='ltr'><strong>caput</strong></span> <span class='ocrx_word' id='word_1_271' title='bbox 690 3066 869 3127; x_wconf 80' lang='lat' dir='ltr'><strong>thessaliae</strong></span> <span class='ocrx_word' id='word_1_272' title='bbox 882 3066 912 3125; x_wconf 93' lang='lat' dir='ltr'><strong>in</strong></span> <span class='ocrx_word' id='word_1_273' title='bbox 928 3073 1081 3141; x_wconf 87' lang='lat' dir='ltr'><strong>potestate</strong></span> 
     </span>
     <span class='ocr_line' id='line_1_35' title="bbox 99 3149 1081 3227; baseline 0.001 -18"><span class='ocrx_word' id='word_1_274' title='bbox 99 3150 236 3212; x_wconf 88' lang='lat' dir='ltr'><strong>haberet.</strong></span> <span class='ocrx_word' id='word_1_275' title='bbox 256 3151 319 3213; x_wconf 91' lang='lat' dir='ltr'><strong>duo</strong></span> <span class='ocrx_word' id='word_1_276' title='bbox 333 3151 417 3212; x_wconf 92' lang='lat' dir='ltr'><strong>milia</strong></span> <span class='ocrx_word' id='word_1_277' title='bbox 428 3149 564 3227; x_wconf 90' lang='lat' dir='ltr'><strong>peditum</strong></span> <span class='ocrx_word' id='word_1_278' title='bbox 574 3149 685 3211; x_wconf 83' lang='lat' dir='ltr'><strong>Atilius</strong></span> <span class='ocrx_word' id='word_1_279' title='bbox 697 3151 736 3211; x_wconf 89' lang='lat' dir='ltr'><strong>ab</strong></span> <span class='ocrx_word' id='word_1_280' title='bbox 748 3150 800 3210; x_wconf 82' lang='lat' dir='ltr'><strong>Cn.</strong></span> <span class='ocrx_word' id='word_1_281' title='bbox 813 3149 927 3211; x_wconf 90' lang='lat' dir='ltr'><strong>Sicinio</strong></span> <span class='ocrx_word' id='word_1_282' title='bbox 938 3152 1081 3227; x_wconf 88' lang='lat' dir='ltr'><strong>accipere</strong></span> 
     </span>
     <span class='ocr_line' id='line_1_36' title="bbox 98 3232 1081 3310; baseline -0.002 -16"><span class='ocrx_word' id='word_1_283' title='bbox 98 3235 140 3295; x_wconf 91' lang='lat' dir='ltr'><strong>ad</strong></span> <span class='ocrx_word' id='word_1_284' title='bbox 154 3250 223 3295; x_wconf 92' lang='lat' dir='ltr'><strong>eam</strong></span> <span class='ocrx_word' id='word_1_285' title='bbox 237 3250 301 3294; x_wconf 88' lang='lat' dir='ltr'><strong>rem</strong></span> <span class='ocrx_word' id='word_1_286' title='bbox 313 3235 463 3310; x_wconf 89' lang='lat' dir='ltr'><strong>agendam</strong></span> <span class='ocrx_word' id='word_1_287' title='bbox 474 3234 588 3294; x_wconf 89' lang='lat' dir='ltr'><strong>iussus.</strong></span> <span class='ocrx_word' id='word_1_288' title='bbox 609 3239 640 3295; x_wconf 88' lang='lat' dir='ltr'><strong>et</strong></span> <span class='ocrx_word' id='word_1_289' title='bbox 650 3233 683 3293; x_wconf 84' lang='lat' dir='ltr'><strong>P.</strong></span> <span class='ocrx_word' id='word_1_290' title='bbox 694 3235 831 3307; x_wconf 88' lang='lat' dir='ltr'><strong>Lentulo,</strong></span> <span class='ocrx_word' id='word_1_291' title='bbox 848 3233 901 3309; x_wconf 89' lang='lat' dir='ltr'><strong>qui</strong></span> <span class='ocrx_word' id='word_1_292' title='bbox 912 3250 952 3295; x_wconf 85' lang='lat' dir='ltr'><strong>ex</strong></span> <span class='ocrx_word' id='word_1_293' title='bbox 963 3232 1081 3294; x_wconf 80' lang='lat' dir='ltr'><strong>Achaia</strong></span> 
     </span>
     <span class='ocr_line' id='line_1_37' title="bbox 97 3315 1079 3393; baseline -0.002 -17"><span class='ocrx_word' id='word_1_294' title='bbox 97 3316 240 3389; x_wconf 84' lang='lat' dir='ltr'><strong>redierat,</strong></span> <span class='ocrx_word' id='word_1_295' title='bbox 267 3318 394 3378; x_wconf 91' lang='lat' dir='ltr'><strong>trecenti</strong></span> <span class='ocrx_word' id='word_1_296' title='bbox 418 3318 528 3378; x_wconf 88' lang='lat' dir='ltr'><strong>milites</strong></span> <span class='ocrx_word' id='word_1_297' title='bbox 549 3316 646 3379; x_wconf 88' lang='lat' dir='ltr'><strong>italici</strong></span> <span class='ocrx_word' id='word_1_298' title='bbox 666 3318 788 3393; x_wconf 88' lang='lat' dir='ltr'><strong>generis</strong></span> <span class='ocrx_word' id='word_1_299' title='bbox 812 3317 890 3392; x_wconf 90' lang='lat' dir='ltr'><strong>dati,</strong></span> <span class='ocrx_word' id='word_1_300' title='bbox 914 3325 948 3379; x_wconf 95' lang='lat' dir='ltr'><strong>ut</strong></span> <span class='ocrx_word' id='word_1_301' title='bbox 967 3315 1079 3377; x_wconf 83' lang='lat' dir='ltr'><strong>Thebis</strong></span> 
     </span>
     <span class='ocr_line' id='line_1_38' title="bbox 98 3401 955 3476; baseline 0.005 -16"><span class='ocrx_word' id='word_1_302' title='bbox 98 3401 186 3462; x_wconf 91' lang='lat' dir='ltr'><strong>daret</strong></span> <span class='ocrx_word' id='word_1_303' title='bbox 200 3417 336 3476; x_wconf 88' lang='lat' dir='ltr'><strong>operam,</strong></span> <span class='ocrx_word' id='word_1_304' title='bbox 352 3401 430 3462; x_wconf 92' lang='lat' dir='ltr'><strong>utin</strong></span> <span class='ocrx_word' id='word_1_305' title='bbox 446 3407 598 3476; x_wconf 87' lang='lat' dir='ltr'><strong>potestate</strong></span> <span class='ocrx_word' id='word_1_306' title='bbox 610 3402 740 3463; x_wconf 91' lang='lat' dir='ltr'><strong>Boeotia</strong></span> <span class='ocrx_word' id='word_1_307' title='bbox 754 3411 847 3463; x_wconf 89' lang='lat' dir='ltr'><strong>esset.</strong></span> <span class='ocrx_word' id='word_1_308' title='bbox 952 3420 955 3428; x_wconf 93' lang='lat'>·</span> 
     </span>
     <span class='ocr_line' id='line_1_39' title="bbox 182 3483 1076 3562; baseline -0.006 -18"><span class='ocrx_word' id='word_1_309' title='bbox 182 3484 314 3545; x_wconf 86' lang='lat' dir='ltr'><strong>XLVIII.</strong></span> <span class='ocrx_word' id='word_1_310' title='bbox 333 3483 389 3544; x_wconf 88' lang='lat' dir='ltr'><strong>His</strong></span> <span class='ocrx_word' id='word_1_311' title='bbox 407 3484 606 3559; x_wconf 88' lang='lat' dir='ltr'><strong>praeparatis,</strong></span> <span class='ocrx_word' id='word_1_312' title='bbox 624 3502 809 3562; x_wconf 89' lang='lat' dir='ltr'><strong>quamquam</strong></span> <span class='ocrx_word' id='word_1_313' title='bbox 823 3483 863 3545; x_wconf 91' lang='lat' dir='ltr'><strong>ad</strong></span> <span class='ocrx_word' id='word_1_314' title='bbox 876 3483 990 3543; x_wconf 90' lang='lat' dir='ltr'><strong>bellum</strong></span> <span class='ocrx_word' id='word_1_315' title='bbox 1005 3494 1076 3539; x_wconf 90' lang='lat' dir='ltr'><strong>con·</strong></span> 
     </span>
    </p>
   </div>
   <div class='ocr_carea' id='block_1_3' title="bbox 0 0 1326 4017">
    <p class='ocr_par' dir='ltr' id='par_1_3' title="bbox 0 0 1326 4017">
     <span class='ocr_line' id='line_1_40' title="bbox 0 0 1326 4017; baseline 0 2"><span class='ocrx_word' id='word_1_316' title='bbox 0 0 1326 4017; x_wconf 95' lang='lat' dir='ltr'><strong> </strong></span> 
     </span>
    </p>
   </div>
  </div>
 </body>
</html>
