2642 4017
245 259 307 324 186
410 260 527 322 LIBER
539 261 627 321 XLII.
643 261 726 322 cAP.
742 271 787 325 65.
797 270 841 326 66.
857 269 894 336 [e.
906 268 942 322 U.
954 285 978 321 c.
989 268 1052 335 681]

244 412 387 473 trecentis
402 410 590 473 1161666166
607 411 706 472 deditr
727 410 797 487 ipse
807 418 954 473 revocato
966 410 1004 471 ab
1016 410 1116 471 effusa
1126 411 1226 473 caede

243 496 346 572 equite
360 501 391 556 et
402 495 530 571 reliquis
544 493 681 571 pediam
692 494 776 556 ducit
788 494 830 556 66
839 493 1015 570 proximum
1025 493 1225 570 praesidium,

242 586 327 640 ratus
341 578 424 639 haud
437 593 549 654 magno
564 578 728 638 certamine
740 577 871 654 opprimi
884 593 991 654 posse.
1011 576 1046 639 L.
1056 576 1225 653 Pompeius

244 663 382 724 tribunus
392 661 519 724 militum
529 667 687 738 praeerat,
702 662 756 736 qui
769 661 930 736 perculsos
941 659 1051 723 milites
1062 662 1224 736 repentino

243 747 376 808 bostium
391 745 524 807 adventu
538 745 569 805 in
584 745 790 820 propinquum
802 746 951 806 tumulum
963 744 1096 820 recepit,
1111 745 1172 806 loci
1187 761 1225 806 se

243 827 417 906 praesidio,
432 828 504 904 quia
514 844 640 889 numero
651 833 682 887 et
695 826 811 888 viribus
821 827 922 904 impar
931 834 1010 901 erat,
1026 827 1224 890 defensurus.

243 912 285 975 ibi
300 927 368 974 cum
382 912 412 974 in
433 911 538 972 orbem
552 909 662 973 milites
677 910 845 988 coegisset,
867 918 901 974 ut
915 912 1052 974 densatis
1072 912 1168 973 scutis
1182 913 1223 973 ab

242 996 304 1057 ictu
318 994 495 1069 sagittarum
509 1000 541 1056 et
556 994 725 1056 iaculorum
738 1009 811 1057 sese
824 1001 995 1067 tuerentur,
1016 994 1148 1057 Perseus
1163 995 1222 1055 cir·

244 1078 386 1139 cumduto
397 1077 521 1138 armatis
532 1079 648 1139 tumulo
659 1079 738 1139 alios
749 1093 912 1140 ascensum
923 1077 1060 1154 undique
1072 1084 1223 1154 temptare

243 1160 327 1223 iubet
340 1167 370 1222 et
384 1160 554 1222 eomnuinus
567 1162 718 1236 proelium
732 1176 913 1237 conserere,
933 1161 1014 1224 alios
1028 1162 1147 1224 eminus
1160 1163 1223 1223 tels

243 1245 391 1319 ingerere.
420 1243 531 1319 ingens
544 1246 702 1307 Romanos
715 1251 814 1307 terror
832 1244 1062 1308 aucumstabatz
1083 1260 1154 1306 narn
1166 1261 1220 1305 ne-

243 1343 304 1403 quc
320 1328 448 1390 conferti
461 1343 599 1404 pugnare
612 1337 740 1404 propter
752 1343 808 1390 eos
824 1327 927 1405 qui-iu
941 1330 1091 1391 tumidum
1105 1328 1221 1391 conite

242 1412 353 1473 buntur
368 1418 524 1488 poteraut,
543 1417 574 1473 et
590 1410 644 1474 ubi
665 1413 789 1473 ordines
809 1413 1023 1489 procursando
1044 1410 1220 1485 solvissent,

243 1495 502 1571 patebontiaculis
511 1496 702 1571 sagittisque.
712 1495 844 1557 maxime
852 1496 1144 1572 cestrosphendonis
1153 1497 1220 1556 vul·

242 1578 436 1642 uerebantur.
457 1579 517 1641 hoc
531 1579 583 1640 illo
599 1579 679 1641 bello
694 1596 807 1642 novum
817 1595 916 1655 genus
930 1580 982 1643 teli
995 1580 1151 1641 inventum
1162 1587 1221 1641 cst

242 1661 376 1736 bipalme
388 1663 542 1739 spiculum
555 1663 656 1725 hastili
671 1662 873 1725 semicubitali
886 1663 1014 1725 infixum
1028 1672 1094 1725 erat
1108 1662 1220 1724 crassi·

242 1744 345 1808 tudine
361 1744 462 1822 digiti,
482 1746 554 1808 huic
569 1746 717 1822 abiegnae
730 1746 842 1808 breves
854 1747 964 1823 pinnac
978 1754 1057 1822 tres,
1072 1747 1156 1808 velut
1170 1763 1220 1807 sa·

241 1827 323 1903 gittis
337 1829 453 1903 661661,
476 1829 756 1902 circumdabuntur3
779 1831 875 1893 lunda
893 1831 995 1892 media
1015 1832 1076 1891 duo
1089 1829 1220 1891 66616116

242 1911 369 1987 imparia
388 1912 528 1976 habebut.
551 1931 621 1975 cum
637 1915 745 1975 maiori
765 1914 837 1976 nisu
851 1914 992 1976 libratum
1011 1913 1146 1976 iurnditor
1165 1912 1220 1973 ha·

241 1994 321 2057 bene
334 2003 462 2071 rotaret,
479 2014 644 2060 excussum
654 2000 739 2061 velut
751 2000 839 2074 glans
853 1998 1012 2059 emicabat.
1035 2013 1104 2058 cum
1113 2003 1145 2058 et
1157 1998 1221 2058 hoc

242 2080 345 2141 etalio
360 2081 442 2143 omni
455 2097 567 2157 genere
582 2082 713 2143 telorum
726 2097 799 2158 pers
813 2083 972 2144 vulnerata
985 2079 1109 2142 militurn
1125 2089 1217 2155 esset,

241 2177 299 2222 nee
313 2164 403 2226 facilc
417 2165 477 2225 iam
491 2182 576 2227 arma
590 2164 666 2227 lessi
679 2166 879 2240 sustinerent,
900 2164 1014 2225 instare
1028 2179 1098 2239 rex,
1121 2172 1154 2225 ut
1165 2165 1218 2224 de·

241 2246 347 2309 dorent
361 2264 405 2323 se,
420 2249 513 2310 fidem
524 2250 606 2324 dare,
622 2251 756 2325 praemio
766 2249 917 2310 interdum
927 2245 1074 2323 polliceri.
1097 2263 1154 2308 nec
1165 2263 1220 2308 cu·

240 2328 382 2406 iusquam
392 2333 433 2393 66
444 2332 629 2396 deditionem
642 2331 823 2395 flectebatur
832 2331 967 2405 animus,
983 2346 1053 2391 etum
1064 2332 1218 2406 exinspe

239 2420 305 2475 rato
326 2414 386 2476 iam
401 2415 563 2478 obstinatis
583 2417 661 2477 mori
681 2416 757 2493 spes
777 2415 910 2477 udlulsit
931 2429 1002 2475 nam
1017 2429 1086 2474 oum
1100 2429 1140 2475 ex
1156 2414 1219 2477 166-

239 2498 457 2560 mentatoribus
478 2498 666 2574 refugientes
688 2499 811 2573 quidam
839 2499 869 2558 ln
897 2505 1000 2559 eastra
1025 2497 1220 2560 nuntiassent

131 2622 136 2630 .
240 2581 360 2640 consuli
369 2579 580 2642 circumsideri
588 2581 784 2656 praesidium,
794 2587 896 2643 motus
908 2581 1044 2658 periculo
1053 2588 1099 2644 tot
1108 2582 1219 2645 civium

238 2677 365 2722 -nam
380 2662 545 2738 octingenti
558 2664 668 2738 termo,
683 2670 714 2725 et
727 2679 834 2726 omnes
848 2664 978 2727 Romani
993 2673 1135 2727 erunt-
1148 2680 1219 2726 cum

239 2741 375 2818 equitatu
402 2760 440 2806 66
460 2747 519 2808 levi
545 2752 697 2808 armatura
714 2779 758 2792 ·-
777 2754 976 2811 decesserant
993 2764 1076 2811 noua
1094 2747 1217 2823 auxiba,

176 2860 178 2864 »
238 2826 387 2890 Numidae
400 2831 520 2907 pedites
539 2829 722 2907 equitesque
736 2840 766 2893 et
782 2831 937 2908 clephonti
951 2864 990 2878 -
1006 2832 1115 2895 castris
1130 2847 1218 2908 egre·

239 2910 332 2986 ditur,
353 2919 384 2975 ot
397 2912 525 2975 tribunis
538 2914 664 2977 militnm
679 2915 822 2992 imperat,
842 2923 877 2977 ut
888 2915 1044 2990 legionum
1065 2917 1154 2991 signa
1166 2932 1218 2977 se·

239 3001 380 3067 quantur.
396 2997 465 3074 ipse
475 2996 619 3060 velitibus
630 2998 671 3058 ad
681 2998 832 3060 firmanda
842 2999 955 3060 levium
966 3015 1120 3061 umorum
1131 3000 1218 3061 auxi·

237 3076 278 3136 lio
302 3078 429 3143 adiectis
453 3082 493 3141 ad
514 3083 660 3143 tumulum
685 3083 851 3158 praecedit.
891 3080 1027 3144 consulis
1051 3082 1148 3146 latera
1172 3087 1217 3144 te·

237 3169 312 3234 gunt
325 3162 477 3225 Eumenes
491 3166 613 3226 Attalns
634 3173 664 3226 et
676 3166 852 3242 Misagenes
870 3167 996 3241 regulus
1010 3166 1217 3228 Numidarum.

235 3243 340 3306 LXVI.
364 3262 432 3309 cunr
446 3246 477 3307 in
493 3254 662 3323 conspectu
676 3248 775 3325 prima
788 3249 877 3325 signa
891 3265 1019 3311 snorum
1033 3251 1218 3312 circumses-

237 3328 282 3388 sis
296 3330 433 3404 luerunt,
452 3332 599 3391 Romanis
615 3331 739 3406 quidem
759 3332 798 3394 ab
818 3334 923 3394 ultima
937 3333 1154 3408 desperatione
1166 3349 1216 3396 re-

236 3420 358 3475 creatus
373 3420 421 3476 est
431 3412 567 3476 animosa
587 3413 734 3488 Perseus,
757 3417 805 3477 eui
816 3417 945 3492 primum
961 3414 1095 3477 omnium
1107 3416 1217 3493 luerat,

236 3503 270 3556 ut
284 3503 444 3559 contentus
459 3496 582 3559 tonuito
597 3512 764 3574 successu,
779 3500 877 3576 captis
889 3497 1006 3574 aliquot
1016 3499 1216 3561 momentulo·
