2642 4017
250 246 291 310 aa
447 241 563 302 LIBER
575 241 636 299 xl.
662 239 745 299 cAP.
756 233 784 303 τ’.
794 247 821 300 a.
842 245 881 311 [a.
894 245 929 299 υ.
940 261 964 296 c.
976 242 1039 311 sto}

250 395 301 471 qui
322 391 525 468 speculatoris
548 389 587 449 ab
609 404 644 449 se
663 388 776 463 pulsati
797 394 990 462 praesentem
1009 388 1155 449 ultionem
1169 404 1230 449 me-

249 479 382 539 tuebant
401 489 471 535 cum
482 489 537 535 eos
549 487 674 549 quoque
684 471 855 532 Demetrius
866 471 1133 545 trahe1·el,ferrum
1144 480 1231 534 veste

251 560 441 636 abdiderunt,
458 574 520 633 quo
536 572 572 618 se
585 556 686 627 tutari,
702 555 729 615 si
744 555 868 629 quavis
882 554 978 629 deret,
993 562 1131 629 possent.
1158 556 1231 615 nihil

249 643 359 706 occulti
375 657 447 703 esse
461 641 491 701 in
507 638 651 701 intestina
666 638 821 699 discordia
836 644 947 713 potest.
975 645 1106 715 utraque
1120 639 1229 700 domus

250 721 478 804 speculatorum
498 731 528 784 et
545 722 737 798 proditorum
751 723 843 796 plena
857 728 931 791 erat
963 726 1174 797 praecucurrlt
1185 723 1229 782 in·

251 813 312 872 dex
332 810 372 870 ad
386 808 515 881 Persea,
536 805 617 868 ferro
639 804 815 867 succinctos
837 805 980 865 nuntians
995 809 1069 865 cum?
1079 806 1230 867 Demetrio

249 900 392 971 quattuor
406 888 618 954 adolescentes
629 890 744 949 venire.
766 888 823 949 etsi
834 901 929 949 causa
939 888 1230 965 apparebat-nam

250 976 341 1037 abiis
355 977 509 1052 pulsatum
529 974 689 1034 convivam
710 989 800 1034 suum
814 972 1018 1046 audierat-,
1041 977 1141 1032 tamm
1155 971 1230 1033 iola·

251 1060 382 1120 mendae
401 1059 447 1118 rei
463 1074 558 1118 causa
571 1058 693 1117 ianuam
708 1054 847 1117 obserari
860 1054 959 1130 iubet,
980 1062 1064 1116 etex
1078 1062 1165 1130 parte
1179 1072 1229 1117 su·

249 1144 373 1219 periore
393 1142 514 1202 aedium
533 1140 697 1215 versisque
717 1141 749 1200 in
762 1141 844 1199 viam
864 1138 1006 1200 fenestris
1021 1139 1229 1214 comisatores,
1310 1187 1311 1190 ,

157 1260 163 1270 ·
249 1237 404 1301 tamquam
419 1224 459 1285 ad
474 1225 599 1285 caedem
615 1240 703 1284 suam
719 1225 891 1295 venientes,
912 1222 998 1284 aditu
1011 1222 1122 1283 ianuae
1136 1230 1228 1284 arcet

249 1309 420 1370 Demetrius
435 1324 491 1384 per
504 1308 622 1381 mount,
639 1308 723 1381 quod
738 1306 962 1381 excluderetur,
977 1306 1135 1383 paulisper
1147 1306 1229 1368 voci-

250 1396 364 1454 feratus
378 1395 409 1451 in
424 1391 597 1452 convivium
610 1390 698 1463 redit,
713 1390 806 1451 totius
820 1390 865 1450 rei
878 1388 1014 1464 ignarus.

332 1477 412 1537 Vlll.
434 1474 562 1536 Postero
579 1475 629 1534 die
639 1474 783 1547 Perseus,
797 1489 867 1535 cum
881 1474 1013 1549 primum
1027 1472 1229 1534 conveniendi

249 1567 387 1637 potestas
397 1560 499 1635 ''patris
514 1559 584 1630 luit,
605 1557 722 1631 regiam
735 1558 895 1632 ingressus
910 1557 1087 1633 perturbato
1101 1557 1186 1618 vultu
1200 1557 1229 1616 in

250 1650 420 1718 conspectu
440 1643 533 1717 patris
554 1642 664 1702 tacitus
685 1643 793 1716 procul
814 1640 957 1702 constitit.
991 1640 1130 1701 cuicum
1144 1647 1230 1716 pater

249 1726 348 1803 „sada
362 1726 448 1786 salve
454 1730 489 1784 t“
512 1732 542 1784 et
556 1740 706 1800 quaenam
718 1740 757 1784 ea
768 1722 920 1785 maestitia
933 1730 1018 1785 esset
1031 1724 1229 1798 interrogaret

249 1826 327 1881 eum,
342 1809 401 1884 „de
417 1809 502 1870 lucro
517 1807 592 1869 tibi“
606 1806 704 1884 inquit
716 1807 842 1882 „vivere
856 1822 905 1866 me
919 1806 1007 1868 scito.
1027 1808 1087 1867 iam
1101 1823 1163 1868 non
1179 1822 1227 1868 oc

249 1890 337 1953 cultis
352 1909 371 1953 a
384 1894 477 1953 fratre
491 1892 621 1968 petimur
631 1891 766 1961 insidiis;
789 1898 879 1952 nocte
890 1906 960 1952 cum
971 1890 1094 1951 mmetis
1107 1891 1229 1952 domum

248 1976 288 2036 ad
308 1973 551 2037 interficiendum
570 1991 619 2035 me
638 1974 736 2047 venit,
758 1975 934 2050 clausisque
948 1973 1065 2035 loribus
1079 1975 1228 2049 parietum

248 2060 403 2135 praesidio
425 2074 474 2118 me
488 2075 507 2119 a
521 2060 624 2118 lurore
644 2056 711 2117 eius
733 2073 800 2117 sum
821 2062 966 2120 tutatus.“
998 2075 1068 2119 cum
1082 2074 1228 2133 pavorem

248 2143 374 2202 mixtum
388 2141 588 2202 admiratione
602 2140 681 2215 patri
696 2139 861 2215 iniecisset,
876 2142 979 2217 „atqui
995 2141 1022 2201 si
1036 2158 1128 2202 aures
1140 2157 1228 2217 prae·

248 2225 321 2285 bere
329 2230 440 2300 potes“
451 2223 558 2301 inquit,
570 2223 783 2298 „manifestam
793 2240 858 2284 rem
868 2224 1123 2285 teneaslaciam.“
1134 2226 1228 2285 enim·

248 2322 322 2369 vero
337 2324 373 2369 se
386 2308 543 2384 Philippus
558 2307 660 2367 dicere
681 2307 870 2381 auditurum,
891 2308 1060 2383 vocarique
1074 2309 1228 2383 extemplo

247 2391 433 2453 Demetrium
448 2391 552 2460 iussim
577 2396 608 2450 et
621 2391 760 2450 seniores
775 2387 892 2452 amicos
908 2392 1002 2463 duos,
1024 2389 1168 2466 expertes
1184 2390 1228 2450 iu·

246 2476 400 2535 venalium
419 2471 498 2534 inter
518 2473 628 2533 iratres
650 2472 862 2549 certaminum,
887 2473 1096 2549 infrequentes
1118 2476 1178 2534 iam
1198 2475 1227 2532 in

246 2559 346 2631 regia,
360 2555 577 2633 Lysimachum
592 2563 622 2616 et
637 2554 835 2618 Onomastum
849 2557 995 2632 arcessit,
1014 2574 1093 2633 quos
1108 2556 1140 2617 ia
1155 2572 1229 2617 eon·

248 2640 316 2700 silio
331 2639 475 2699 haberet·
486 2639 558 2700 dum
573 2639 699 2699 veniunt
712 2642 810 2715 amici,
826 2643 912 2701 solus
926 2642 990 2701 lilio
1005 2642 1113 2716 procul
1127 2647 1229 2702 stante

246 2723 340 2783 multa
359 2737 465 2782 secum
486 2720 587 2783 animo
602 2723 745 2784 volutans
764 2724 968 2784 inambulavit.
998 2732 1161 2800 postquam
1175 2739 1228 2783 vc·

246 2806 331 2865 nisse
342 2821 398 2866 cos
410 2805 577 2867 nuntiatum
588 2812 645 2878 est,
661 2807 793 2867 secessit
802 2807 832 2867 in
844 2814 961 2882 partem
972 2807 1145 2870 interiorem
1158 2824 1228 2868 cum

247 2889 368 2949 duobus
383 2888 498 2964 amicis,
513 2890 638 2951 totidem
653 2889 833 2951 custodibus
849 2890 1006 2967 corporis;
1028 2892 1108 2966 filiis,
1124 2898 1157 2951 ut
1167 2898 1230 2951 ter·

246 2988 304 3033 nos
319 2973 450 3034 inermes
465 2989 571 3035 secum
585 2973 821 3049 introducerent,
837 2975 982 3049 permisit.
1013 2974 1056 3035 ibi
1070 2992 1139 3036 cum
1153 2990 1228 3036 con·

247 3055 395 3128 sedisset,
417 3058 556 3131 „sedeo“
577 3057 678 3132 inquit
697 3056 903 3132 „miserrimus
918 3065 1020 3133 pater,
1042 3057 1136 3119 index
1149 3058 1230 3118 inter

246 3138 326 3199 duos
347 3139 443 3213 lilios,
466 3148 677 3201 accusatorem
698 3140 853 3216 parricidii
873 3150 1017 3215 atreum,
1038 3148 1091 3202 aut
1104 3140 1229 3202 conficti

246 3228 298 3281 aut
317 3223 473 3283 commissi
488 3223 622 3283 criminis
636 3225 738 3284 labem
752 3225 835 3299 apud
849 3240 936 3286 meos
950 3224 1139 3286 inventurus.
1166 3224 1229 3285 iam

244 3305 363 3381 pridem
376 3306 499 3381 quidem
510 3305 589 3366 hanc
600 3308 767 3382 procellam
777 3308 982 3370 imminentem
993 3307 1144 3382 timebam,
1158 3322 1229 3368 cum

244 3390 347 3451 vultus
368 3388 445 3450 inter
464 3406 523 3450 vos
544 3387 667 3451 minime
683 3391 835 3453 fraternos
851 3407 1023 3466 cernerem,
1045 3406 1115 3452 cum
1129 3405 1229 3451 voces
1310 3389 1311 3392 ’

246 3473 397 3548 quasdam
411 3471 599 3535 exaudirem.
629 3474 686 3534 sed
700 3475 850 3536 interdurn
864 3490 940 3550 spes
954 3474 1087 3534 animum
1102 3471 1230 3533 subibat
