<?xml version="1.0" encoding="UTF-8"?>
<!DOCTYPE html PUBLIC "-//W3C//DTD XHTML 1.0 Transitional//EN"
    "http://www.w3.org/TR/xhtml1/DTD/xhtml1-transitional.dtd">
<html xmlns="http://www.w3.org/1999/xhtml" xml:lang="en" lang="en">
 <head>
  <title>
</title>
<meta http-equiv="Content-Type" content="text/html;charset=utf-8" />
  <meta name='ocr-system' content='tesseract 3.04.00' />
  <meta name='ocr-capabilities' content='ocr_page ocr_carea ocr_par ocr_line ocrx_word'/>
</head>
<body>
  <div class='ocr_page' id='page_1' title='image "./aburbeconditali01mlgoog_0261.png"; bbox 0 0 2642 4017; ppageno 0'>
   <div class='ocr_carea' id='block_1_1' title="bbox 284 251 1093 327">
    <p class='ocr_par' dir='ltr' id='par_1_1' title="bbox 284 251 1093 327">
     <span class='ocr_line' id='line_1_1' title="bbox 284 251 1093 327; baseline 0.009 -16"><span class='ocrx_word' id='word_1_1' title='bbox 284 251 400 312; x_wconf 83' lang='lat' dir='ltr'>LIBER</span> <span class='ocrx_word' id='word_1_2' title='bbox 412 252 517 311; x_wconf 88' lang='lat' dir='ltr'>XLIV.</span> <span class='ocrx_word' id='word_1_3' title='bbox 540 251 621 313; x_wconf 74' lang='lat' dir='ltr'><strong>CAP.</strong></span> <span class='ocrx_word' id='word_1_4' title='bbox 638 262 681 314; x_wconf 74' lang='lat'>15.</span> <span class='ocrx_word' id='word_1_5' title='bbox 697 260 739 316; x_wconf 80' lang='lat'>16.</span> <span class='ocrx_word' id='word_1_6' title='bbox 763 259 800 327; x_wconf 80' lang='lat' dir='ltr'>[a.</span> <span class='ocrx_word' id='word_1_7' title='bbox 813 259 846 312; x_wconf 80' lang='lat' dir='ltr'>C·</span> <span class='ocrx_word' id='word_1_8' title='bbox 860 260 922 327; x_wconf 76' lang='lat'>159]</span> <span class='ocrx_word' id='word_1_9' title='bbox 1027 253 1093 317; x_wconf 55' lang='grc' dir='ltr'>ἥδ</span> 
     </span>
    </p>
   </div>
   <div class='ocr_carea' id='block_1_2' title="bbox 106 399 1094 734">
    <p class='ocr_par' dir='ltr' id='par_1_2' title="bbox 106 399 1094 734">
     <span class='ocr_line' id='line_1_2' title="bbox 107 399 1094 479; baseline 0.003 -15"><span class='ocrx_word' id='word_1_10' title='bbox 107 404 148 464; x_wconf 90' lang='lat' dir='ltr'>ad</span> <span class='ocrx_word' id='word_1_11' title='bbox 171 402 287 462; x_wconf 84' lang='lat' dir='ltr'>Perses</span> <span class='ocrx_word' id='word_1_12' title='bbox 309 400 339 460; x_wconf 90' lang='lat' dir='ltr'>in</span> <span class='ocrx_word' id='word_1_13' title='bbox 359 399 573 461; x_wconf 79' lang='lat' dir='ltr'>Macedoniam</span> <span class='ocrx_word' id='word_1_14' title='bbox 593 401 731 477; x_wconf 85' lang='lat' dir='ltr'>misisse,</span> <span class='ocrx_word' id='word_1_15' title='bbox 758 402 811 479; x_wconf 92' lang='lat' dir='ltr'>qui</span> <span class='ocrx_word' id='word_1_16' title='bbox 831 404 859 465; x_wconf 87' lang='lat' dir='ltr'>oi</span> <span class='ocrx_word' id='word_1_17' title='bbox 879 405 1094 468; x_wconf 71' lang='lat' dir='ltr'>denuntiarent</span> 
     </span>
     <span class='ocr_line' id='line_1_3' title="bbox 106 484 1092 563; baseline 0.001 -13"><span class='ocrx_word' id='word_1_18' title='bbox 106 486 239 550; x_wconf 85' lang='lat' dir='ltr'>Rhodiis</span> <span class='ocrx_word' id='word_1_19' title='bbox 258 484 384 560; x_wconf 84' lang='lat' dir='ltr'>plaeere</span> <span class='ocrx_word' id='word_1_20' title='bbox 402 500 512 561; x_wconf 78' lang='lat' dir='ltr'>paoem</span> <span class='ocrx_word' id='word_1_21' title='bbox 537 500 607 545; x_wconf 86' lang='lat' dir='ltr'>eum</span> <span class='ocrx_word' id='word_1_22' title='bbox 628 501 816 562; x_wconf 80' lang='lat' dir='ltr'>componore</span> <span class='ocrx_word' id='word_1_23' title='bbox 840 503 910 549; x_wconf 76' lang='lat' dir='ltr'>omn</span> <span class='ocrx_word' id='word_1_24' title='bbox 928 489 1092 563; x_wconf 63' lang='lat' dir='ltr'>Romanise</span> 
     </span>
     <span class='ocr_line' id='line_1_4' title="bbox 107 569 1092 649; baseline 0.001 -16"><span class='ocrx_word' id='word_1_25' title='bbox 107 587 144 633; x_wconf 84' lang='lat' dir='ltr'>se</span> <span class='ocrx_word' id='word_1_26' title='bbox 158 571 288 631; x_wconf 82' lang='lat' dir='ltr'>Romam</span> <span class='ocrx_word' id='word_1_27' title='bbox 303 569 414 629; x_wconf 84' lang='lat' dir='ltr'>eadem</span> <span class='ocrx_word' id='word_1_28' title='bbox 428 570 596 630; x_wconf 83' lang='lat' dir='ltr'>nuntiatum</span> <span class='ocrx_word' id='word_1_29' title='bbox 616 570 740 632; x_wconf 85' lang='lat' dir='ltr'>missos.</span> <span class='ocrx_word' id='word_1_30' title='bbox 770 586 825 646; x_wconf 84' lang='lat' dir='ltr'>per</span> <span class='ocrx_word' id='word_1_31' title='bbox 846 588 925 647; x_wconf 91' lang='lat' dir='ltr'>quos</span> <span class='ocrx_word' id='word_1_32' title='bbox 947 573 1092 649; x_wconf 78' lang='lat' dir='ltr'>stetisset,</span> 
     </span>
     <span class='ocr_line' id='line_1_5' title="bbox 108 650 1090 734; baseline 0.001 -18"><span class='ocrx_word' id='word_1_33' title='bbox 108 669 172 734; x_wconf 87' lang='lat' dir='ltr'>quo</span> <span class='ocrx_word' id='word_1_34' title='bbox 186 655 288 715; x_wconf 88' lang='lat' dir='ltr'>minus</span> <span class='ocrx_word' id='word_1_35' title='bbox 302 650 375 713; x_wconf 85' lang='lat' dir='ltr'>beiti</span> <span class='ocrx_word' id='word_1_36' title='bbox 385 652 455 713; x_wconf 80' lang='lat' dir='ltr'>finis</span> <span class='ocrx_word' id='word_1_37' title='bbox 466 652 564 727; x_wconf 74' lang='lat' dir='ltr'>ieret,</span> <span class='ocrx_word' id='word_1_38' title='bbox 578 653 731 716; x_wconf 83' lang='lat' dir='ltr'>adversus</span> <span class='ocrx_word' id='word_1_39' title='bbox 745 670 802 716; x_wconf 83' lang='lat' dir='ltr'>eos</span> <span class='ocrx_word' id='word_1_40' title='bbox 818 655 892 732; x_wconf 90' lang='lat' dir='ltr'>quid</span> <span class='ocrx_word' id='word_1_41' title='bbox 906 656 965 717; x_wconf 72' lang='lat' dir='ltr'>sitsi</span> <span class='ocrx_word' id='word_1_42' title='bbox 978 656 1090 717; x_wconf 74' lang='lat' dir='ltr'>radon·</span> 
     </span>
    </p>
   </div>
   <div class='ocr_carea' id='block_1_3' title="bbox 29 736 1121 3571">
    <p class='ocr_par' dir='ltr' id='par_1_3' title="bbox 29 736 1118 2830">
     <span class='ocr_line' id='line_1_6' title="bbox 108 736 1092 817; baseline 0.002 -17"><span class='ocrx_word' id='word_1_43' title='bbox 108 740 181 800; x_wconf 87' lang='lat' dir='ltr'>dum</span> <span class='ocrx_word' id='word_1_44' title='bbox 196 743 282 800; x_wconf 83' lang='lat' dir='ltr'>esset</span> <span class='ocrx_word' id='word_1_45' title='bbox 293 736 434 797; x_wconf 79' lang='lat' dir='ltr'>Rhodios</span> <span class='ocrx_word' id='word_1_46' title='bbox 449 737 700 799; x_wconf 72' lang='lat' dir='ltr'>oonsidecaturos</span> <span class='ocrx_word' id='word_1_47' title='bbox 716 753 799 801; x_wconf 69' lang='lat' dir='ltr'>esse·</span> <span class='ocrx_word' id='word_1_48' title='bbox 820 753 860 799; x_wconf 91' lang='lat' dir='ltr'>ne</span> <span class='ocrx_word' id='word_1_49' title='bbox 871 754 953 802; x_wconf 88' lang='lat' dir='ltr'>nuno</span> <span class='ocrx_word' id='word_1_50' title='bbox 968 740 1092 817; x_wconf 74' lang='lat' dir='ltr'>quidem</span> 
     </span>
     <span class='ocr_line' id='line_1_7' title="bbox 108 816 1090 899; baseline -0.001 -15"><span class='ocrx_word' id='word_1_51' title='bbox 108 822 187 884; x_wconf 80' lang='lat' dir='ltr'>haee</span> <span class='ocrx_word' id='word_1_52' title='bbox 202 821 270 883; x_wconf 87' lang='lat' dir='ltr'>sine</span> <span class='ocrx_word' id='word_1_53' title='bbox 284 816 493 895; x_wconf 72' lang='lat' dir='ltr'>indignatione</span> <span class='ocrx_word' id='word_1_54' title='bbox 506 821 567 897; x_wconf 71' lang='lat' dir='ltr'>legi</span> <span class='ocrx_word' id='word_1_55' title='bbox 580 822 721 883; x_wconf 72' lang='lat' dir='ltr'><strong>audirive</strong></span> <span class='ocrx_word' id='word_1_56' title='bbox 738 836 835 899; x_wconf 81' lang='lat' dir='ltr'>posse</span> <span class='ocrx_word' id='word_1_57' title='bbox 851 832 968 886; x_wconf 79' lang='lat' dir='ltr'>eertum</span> <span class='ocrx_word' id='word_1_58' title='bbox 980 824 1090 886; x_wconf 79' lang='lat' dir='ltr'>habeo.</span> 
     </span>
     <span class='ocr_line' id='line_1_8' title="bbox 108 900 1093 981; baseline 0.002 -14"><span class='ocrx_word' id='word_1_59' title='bbox 108 906 181 967; x_wconf 89' lang='lat' dir='ltr'>inde</span> <span class='ocrx_word' id='word_1_60' title='bbox 195 900 364 966; x_wconf 83' lang='lat' dir='ltr'>existimari</span> <span class='ocrx_word' id='word_1_61' title='bbox 375 910 488 981; x_wconf 81' lang='lat' dir='ltr'>potest,</span> <span class='ocrx_word' id='word_1_62' title='bbox 509 905 562 981; x_wconf 89' lang='lat' dir='ltr'>qui</span> <span class='ocrx_word' id='word_1_63' title='bbox 576 904 700 968; x_wconf 87' lang='lat' dir='ltr'>habitus</span> <span class='ocrx_word' id='word_1_64' title='bbox 713 908 886 970; x_wconf 77' lang='lat' dir='ltr'>animosum</span> <span class='ocrx_word' id='word_1_65' title='bbox 897 907 1093 970; x_wconf 75' lang='lat' dir='ltr'>audientibus</span> 
     </span>
     <span class='ocr_line' id='line_1_9' title="bbox 29 985 1094 1069; baseline 0.003 -19"><span class='ocrx_word' id='word_1_66' title='bbox 29 1014 31 1021; x_wconf 56' lang='lat'><strong><em>¹</em></strong></span> <span class='ocrx_word' id='word_1_67' title='bbox 108 1006 147 1051; x_wconf 86' lang='lat' dir='ltr'>ea</span> <span class='ocrx_word' id='word_1_68' title='bbox 160 989 300 1066; x_wconf 79' lang='lat' dir='ltr'>patribus</span> <span class='ocrx_word' id='word_1_69' title='bbox 313 985 412 1050; x_wconf 82' lang='lat' dir='ltr'>inerit.</span> <span class='ocrx_word' id='word_1_70' title='bbox 442 989 510 1050; x_wconf 58' lang='grc' dir='ltr'>ΧΨ,</span> <span class='ocrx_word' id='word_1_71' title='bbox 529 988 674 1051; x_wconf 83' lang='lat' dir='ltr'>claudius</span> <span class='ocrx_word' id='word_1_72' title='bbox 689 990 764 1055; x_wconf 80' lang='lat' dir='ltr'>nitati</span> <span class='ocrx_word' id='word_1_73' title='bbox 779 1005 965 1069; x_wconf 77' lang='lat' dir='ltr'>responsum</span> <span class='ocrx_word' id='word_1_74' title='bbox 985 999 1094 1055; x_wconf 82' lang='lat' dir='ltr'>auotor</span> 
     </span>
     <span class='ocr_line' id='line_1_10' title="bbox 109 1074 1094 1153; baseline 0.004 -19"><span class='ocrx_word' id='word_1_75' title='bbox 109 1081 172 1134; x_wconf 65' lang='lat' dir='ltr'>esta</span> <span class='ocrx_word' id='word_1_76' title='bbox 199 1079 315 1135; x_wconf 86' lang='lat' dir='ltr'>tantum</span> <span class='ocrx_word' id='word_1_77' title='bbox 335 1080 461 1134; x_wconf 78' lang='lat' dir='ltr'>sentum</span> <span class='ocrx_word' id='word_1_78' title='bbox 482 1074 656 1135; x_wconf 82' lang='lat' dir='ltr'>consultum</span> <span class='ocrx_word' id='word_1_79' title='bbox 674 1076 851 1151; x_wconf 72' lang='lat' dir='ltr'>rectumne,</span> <span class='ocrx_word' id='word_1_80' title='bbox 873 1093 935 1153; x_wconf 82' lang='lat' dir='ltr'>qno</span> <span class='ocrx_word' id='word_1_81' title='bbox 951 1075 1046 1138; x_wconf 80' lang='lat' dir='ltr'>Caras</span> <span class='ocrx_word' id='word_1_82' title='bbox 1062 1092 1094 1138; x_wconf 84' lang='lat' dir='ltr'>et</span> 
     </span>
     <span class='ocr_line' id='line_1_11' title="bbox 108 1156 1095 1237; baseline 0.003 -19"><span class='ocrx_word' id='word_1_83' title='bbox 108 1157 223 1237; x_wconf 80' lang='lat' dir='ltr'>Lycios</span> <span class='ocrx_word' id='word_1_84' title='bbox 238 1157 352 1218; x_wconf 80' lang='lat' dir='ltr'>liberos</span> <span class='ocrx_word' id='word_1_85' title='bbox 366 1172 440 1218; x_wconf 84' lang='lat' dir='ltr'>esse</span> <span class='ocrx_word' id='word_1_86' title='bbox 452 1156 571 1218; x_wconf 85' lang='lat' dir='ltr'>iuberet</span> <span class='ocrx_word' id='word_1_87' title='bbox 582 1158 721 1235; x_wconf 73' lang='lat' dir='ltr'>populos</span> <span class='ocrx_word' id='word_1_88' title='bbox 732 1158 901 1235; x_wconf 84' lang='lat' dir='ltr'>Romanus,</span> <span class='ocrx_word' id='word_1_89' title='bbox 914 1160 1095 1236; x_wconf 79' lang='lat' dir='ltr'>litterasque</span> 
     </span>
     <span class='ocr_line' id='line_1_12' title="bbox 109 1240 1094 1318; baseline 0.002 -16"><span class='ocrx_word' id='word_1_90' title='bbox 109 1241 265 1318; x_wconf 83' lang='lat' dir='ltr'>extempio</span> <span class='ocrx_word' id='word_1_91' title='bbox 287 1240 329 1300; x_wconf 89' lang='lat' dir='ltr'>ad</span> <span class='ocrx_word' id='word_1_92' title='bbox 352 1246 515 1316; x_wconf 82' lang='lat' dir='ltr'>utramque</span> <span class='ocrx_word' id='word_1_93' title='bbox 539 1249 662 1318; x_wconf 75' lang='lat' dir='ltr'>gentem</span> <span class='ocrx_word' id='word_1_94' title='bbox 688 1241 783 1305; x_wconf 81' lang='lat' dir='ltr'>seirat</span> <span class='ocrx_word' id='word_1_95' title='bbox 805 1242 973 1306; x_wconf 87' lang='lat' dir='ltr'>indioatum</span> <span class='ocrx_word' id='word_1_96' title='bbox 999 1245 1094 1314; x_wconf 75' lang='lat' dir='ltr'>mitti;</span> 
     </span>
     <span class='ocr_line' id='line_1_13' title="bbox 109 1324 1094 1404; baseline 0.003 -17"><span class='ocrx_word' id='word_1_97' title='bbox 109 1342 172 1403; x_wconf 84' lang='lat' dir='ltr'>qua</span> <span class='ocrx_word' id='word_1_98' title='bbox 182 1325 286 1387; x_wconf 79' lang='lat' dir='ltr'>audita</span> <span class='ocrx_word' id='word_1_99' title='bbox 298 1325 507 1401; x_wconf 81' lang='lat' dir='ltr'>reprineipem</span> <span class='ocrx_word' id='word_1_100' title='bbox 518 1324 691 1402; x_wconf 77' lang='lat' dir='ltr'>legationis,</span> <span class='ocrx_word' id='word_1_101' title='bbox 703 1326 791 1389; x_wconf 75' lang='lat' dir='ltr'>euim</span> <span class='ocrx_word' id='word_1_102' title='bbox 802 1328 1094 1404; x_wconf 67' lang='lat' dir='ltr'>magniloquentiam</span> 
     </span>
     <span class='ocr_line' id='line_1_14' title="bbox 107 1409 1091 1485; baseline 0.007 -15"><span class='ocrx_word' id='word_1_103' title='bbox 107 1410 162 1470; x_wconf 86' lang='lat' dir='ltr'>vix</span> <span class='ocrx_word' id='word_1_104' title='bbox 183 1409 269 1470; x_wconf 86' lang='lat' dir='ltr'>ouria</span> <span class='ocrx_word' id='word_1_105' title='bbox 287 1410 380 1485; x_wconf 79' lang='lat' dir='ltr'>pauo</span> <span class='ocrx_word' id='word_1_106' title='bbox 398 1417 470 1471; x_wconf 84' lang='lat' dir='ltr'>ante</span> <span class='ocrx_word' id='word_1_107' title='bbox 484 1418 624 1485; x_wconf 79' lang='lat' dir='ltr'>ceperat,</span> <span class='ocrx_word' id='word_1_108' title='bbox 647 1409 812 1473; x_wconf 71' lang='lat' dir='ltr'>domuisse</span> <span class='ocrx_word' id='word_1_109' title='bbox 841 1411 891 1472; x_wconf 78' lang='lat' dir='ltr'>otti</span> <span class='ocrx_word' id='word_1_110' title='bbox 905 1426 1091 1485; x_wconf 66' lang='lat' dir='ltr'>respuam</span> 
     </span>
     <span class='ocr_line' id='line_1_15' title="bbox 108 1493 1089 1571; baseline 0 -17"><span class='ocrx_word' id='word_1_111' title='bbox 108 1509 182 1554; x_wconf 87' lang='lat' dir='ltr'>esse</span> <span class='ocrx_word' id='word_1_112' title='bbox 200 1494 325 1556; x_wconf 87' lang='lat' dir='ltr'>traduat</span> <span class='ocrx_word' id='word_1_113' title='bbox 343 1494 494 1569; x_wconf 74' lang='lat' dir='ltr'>populum</span> <span class='ocrx_word' id='word_1_114' title='bbox 513 1493 686 1555; x_wconf 54' lang='lat' dir='ltr'>&amp;manum</span> <span class='ocrx_word' id='word_1_115' title='bbox 708 1501 740 1556; x_wconf 88' lang='lat' dir='ltr'>et</span> <span class='ocrx_word' id='word_1_116' title='bbox 758 1493 913 1571; x_wconf 79' lang='lat' dir='ltr'>pnoeipio</span> <span class='ocrx_word' id='word_1_117' title='bbox 932 1494 1000 1554; x_wconf 86' lang='lat' dir='ltr'>eius</span> <span class='ocrx_word' id='word_1_118' title='bbox 1021 1493 1089 1561; x_wconf 80' lang='lat' dir='ltr'>belii</span> 
     </span>
     <span class='ocr_line' id='line_1_16' title="bbox 108 1575 1094 1653; baseline 0.002 -16"><span class='ocrx_word' id='word_1_119' title='bbox 108 1577 195 1639; x_wconf 84' lang='lat' dir='ltr'>haud</span> <span class='ocrx_word' id='word_1_120' title='bbox 207 1577 296 1638; x_wconf 87' lang='lat' dir='ltr'>vanis</span> <span class='ocrx_word' id='word_1_121' title='bbox 310 1577 489 1639; x_wconf 81' lang='lat' dir='ltr'>auctoribus</span> <span class='ocrx_word' id='word_1_122' title='bbox 500 1584 692 1653; x_wconf 76' lang='lat' dir='ltr'>compertum</span> <span class='ocrx_word' id='word_1_123' title='bbox 704 1575 854 1639; x_wconf 84' lang='lat' dir='ltr'>habuisse</span> <span class='ocrx_word' id='word_1_124' title='bbox 866 1576 1007 1640; x_wconf 81' lang='lat' dir='ltr'>Rhodios</span> <span class='ocrx_word' id='word_1_125' title='bbox 1022 1593 1094 1639; x_wconf 89' lang='lat' dir='ltr'>oum</span> 
     </span>
     <span class='ocr_line' id='line_1_17' title="bbox 107 1659 1079 1744; baseline 0.002 -24"><span class='ocrx_word' id='word_1_126' title='bbox 107 1661 222 1744; x_wconf 77' lang='lat' dir='ltr'>Perseo</span> <span class='ocrx_word' id='word_1_127' title='bbox 235 1677 310 1736; x_wconf 81' lang='lat' dir='ltr'>rege</span> <span class='ocrx_word' id='word_1_128' title='bbox 324 1661 478 1722; x_wconf 82' lang='lat' dir='ltr'>adversus</span> <span class='ocrx_word' id='word_1_129' title='bbox 491 1676 556 1721; x_wconf 87' lang='lat' dir='ltr'>rem</span> <span class='ocrx_word' id='word_1_130' title='bbox 576 1659 735 1736; x_wconf 75' lang='lat' dir='ltr'>pubiomn</span> <span class='ocrx_word' id='word_1_131' title='bbox 753 1677 842 1723; x_wconf 75' lang='lat' dir='ltr'>suam</span> <span class='ocrx_word' id='word_1_132' title='bbox 856 1662 979 1723; x_wconf 80' lang='lat' dir='ltr'>ooonlte</span> <span class='ocrx_word' id='word_1_133' title='bbox 991 1662 1079 1724; x_wconf 86' lang='lat' dir='ltr'>oonsi</span> 
     </span>
     <span class='ocr_line' id='line_1_18' title="bbox 109 1743 1096 1824; baseline 0.003 -18"><span class='ocrx_word' id='word_1_134' title='bbox 109 1746 149 1806; x_wconf 88' lang='lat' dir='ltr'>iia</span> <span class='ocrx_word' id='word_1_135' title='bbox 163 1745 275 1818; x_wconf 85' lang='lat' dir='ltr'>inisse;</span> <span class='ocrx_word' id='word_1_136' title='bbox 296 1751 329 1807; x_wconf 88' lang='lat' dir='ltr'>et</span> <span class='ocrx_word' id='word_1_137' title='bbox 346 1745 374 1806; x_wconf 89' lang='lat' dir='ltr'>si</span> <span class='ocrx_word' id='word_1_138' title='bbox 393 1745 425 1806; x_wconf 90' lang='lat' dir='ltr'>id</span> <span class='ocrx_word' id='word_1_139' title='bbox 443 1752 514 1807; x_wconf 85' lang='lat' dir='ltr'>ante</span> <span class='ocrx_word' id='word_1_140' title='bbox 535 1743 663 1806; x_wconf 79' lang='lat' dir='ltr'>dubium</span> <span class='ocrx_word' id='word_1_141' title='bbox 679 1744 799 1819; x_wconf 82' lang='lat' dir='ltr'>inisset,</span> <span class='ocrx_word' id='word_1_142' title='bbox 814 1747 986 1821; x_wconf 78' lang='lat' dir='ltr'>legatorum</span> <span class='ocrx_word' id='word_1_143' title='bbox 997 1747 1096 1824; x_wconf 75' lang='lat' dir='ltr'>pusio</span> 
     </span>
     <span class='ocr_line' id='line_1_19' title="bbox 109 1828 1093 1908; baseline 0.002 -19"><span class='ocrx_word' id='word_1_144' title='bbox 109 1837 180 1891; x_wconf 82' lang='lat' dir='ltr'>ante</span> <span class='ocrx_word' id='word_1_145' title='bbox 200 1829 297 1890; x_wconf 81' lang='lat' dir='ltr'>verba</span> <span class='ocrx_word' id='word_1_146' title='bbox 317 1829 359 1889; x_wconf 87' lang='lat' dir='ltr'>ad</span> <span class='ocrx_word' id='word_1_147' title='bbox 379 1836 495 1891; x_wconf 82' lang='lat' dir='ltr'>eertum</span> <span class='ocrx_word' id='word_1_148' title='bbox 510 1828 686 1904; x_wconf 60' lang='lat' dir='ltr'>redefflssm</span> <span class='ocrx_word' id='word_1_149' title='bbox 703 1834 734 1888; x_wconf 86' lang='lat' dir='ltr'>et</span> <span class='ocrx_word' id='word_1_150' title='bbox 744 1829 928 1906; x_wconf 76' lang='lat' dir='ltr'>plenumque</span> <span class='ocrx_word' id='word_1_151' title='bbox 940 1830 1042 1908; x_wconf 79' lang='lat' dir='ltr'>ipsam</span> <span class='ocrx_word' id='word_1_152' title='bbox 1057 1845 1093 1891; x_wconf 87' lang='lat' dir='ltr'>se</span> 
     </span>
     <span class='ocr_line' id='line_1_20' title="bbox 109 1912 1095 1990; baseline 0.002 -18"><span class='ocrx_word' id='word_1_153' title='bbox 109 1914 257 1988; x_wconf 82' lang='lat' dir='ltr'>fraudent,</span> <span class='ocrx_word' id='word_1_154' title='bbox 272 1913 389 1974; x_wconf 87' lang='lat' dir='ltr'>etiamsi</span> <span class='ocrx_word' id='word_1_155' title='bbox 410 1913 495 1975; x_wconf 91' lang='lat' dir='ltr'>initio</span> <span class='ocrx_word' id='word_1_156' title='bbox 514 1913 633 1975; x_wconf 83' lang='lat' dir='ltr'>eontior</span> <span class='ocrx_word' id='word_1_157' title='bbox 653 1912 754 1989; x_wconf 79' lang='lat' dir='ltr'>ruerit,</span> <span class='ocrx_word' id='word_1_158' title='bbox 770 1914 924 1990; x_wconf 69' lang='lat' dir='ltr'>detegere</span> <span class='ocrx_word' id='word_1_159' title='bbox 952 1915 1095 1977; x_wconf 80' lang='lat' dir='ltr'>Rhodios</span> 
     </span>
     <span class='ocr_line' id='line_1_21' title="bbox 109 1995 1092 2075; baseline -0.001 -17"><span class='ocrx_word' id='word_1_160' title='bbox 109 1998 214 2059; x_wconf 87' lang='lat' dir='ltr'>nuntio</span> <span class='ocrx_word' id='word_1_161' title='bbox 237 1995 271 2058; x_wconf 89' lang='lat' dir='ltr'>in</span> <span class='ocrx_word' id='word_1_162' title='bbox 296 1997 371 2058; x_wconf 81' lang='lat' dir='ltr'>orbe</span> <span class='ocrx_word' id='word_1_163' title='bbox 394 2005 543 2060; x_wconf 79' lang='lat' dir='ltr'>temetum</span> <span class='ocrx_word' id='word_1_164' title='bbox 568 1996 692 2061; x_wconf 77' lang='lat' dir='ltr'>arbiuiu</span> <span class='ocrx_word' id='word_1_165' title='bbox 716 1996 789 2059; x_wconf 80' lang='lat' dir='ltr'>bodi</span> <span class='ocrx_word' id='word_1_166' title='bbox 813 1998 965 2075; x_wconf 68' lang='lat' dir='ltr'>paemqm</span> <span class='ocrx_word' id='word_1_167' title='bbox 985 2013 1092 2073; x_wconf 74' lang='lat' dir='ltr'>agere;</span> 
     </span>
     <span class='ocr_line' id='line_1_22' title="bbox 108 2079 1097 2158; baseline -0.002 -16"><span class='ocrx_word' id='word_1_168' title='bbox 108 2079 299 2143; x_wconf 78' lang='lat' dir='ltr'>Rhodiorum</span> <span class='ocrx_word' id='word_1_169' title='bbox 312 2088 391 2144; x_wconf 84' lang='lat' dir='ltr'>nutu</span> <span class='ocrx_word' id='word_1_170' title='bbox 402 2099 487 2144; x_wconf 77' lang='lat' dir='ltr'>arma</span> <span class='ocrx_word' id='word_1_171' title='bbox 506 2089 688 2158; x_wconf 62' lang='lat' dir='ltr'>sumptuum</span> <span class='ocrx_word' id='word_1_172' title='bbox 702 2080 925 2158; x_wconf 71' lang='lat' dir='ltr'>pontonosquo</span> <span class='ocrx_word' id='word_1_173' title='bbox 936 2083 1097 2143; x_wconf 85' lang='lat' dir='ltr'>Romanos</span> 
     </span>
     <span class='ocr_line' id='line_1_23' title="bbox 109 2164 1093 2238; baseline -0.001 -13"><span class='ocrx_word' id='word_1_174' title='bbox 109 2181 191 2226; x_wconf 80' lang='lat' dir='ltr'>esse</span> <span class='ocrx_word' id='word_1_175' title='bbox 223 2166 285 2226; x_wconf 87' lang='lat' dir='ltr'>iam</span> <span class='ocrx_word' id='word_1_176' title='bbox 304 2183 366 2228; x_wconf 91' lang='lat' dir='ltr'>non</span> <span class='ocrx_word' id='word_1_177' title='bbox 387 2166 469 2229; x_wconf 84' lang='lat' dir='ltr'>deos</span> <span class='ocrx_word' id='word_1_178' title='bbox 481 2167 640 2229; x_wconf 80' lang='lat' dir='ltr'>toederun</span> <span class='ocrx_word' id='word_1_179' title='bbox 652 2172 758 2238; x_wconf 77' lang='lat' dir='ltr'>testes,</span> <span class='ocrx_word' id='word_1_180' title='bbox 781 2166 839 2227; x_wconf 87' lang='lat' dir='ltr'>sed</span> <span class='ocrx_word' id='word_1_181' title='bbox 855 2164 995 2227; x_wconf 76' lang='lat' dir='ltr'>Rhodios</span> <span class='ocrx_word' id='word_1_182' title='bbox 1010 2164 1093 2225; x_wconf 89' lang='lat' dir='ltr'>habi·</span> 
     </span>
     <span class='ocr_line' id='line_1_24' title="bbox 108 2247 1089 2326; baseline -0.002 -16"><span class='ocrx_word' id='word_1_183' title='bbox 108 2256 206 2315; x_wconf 83' lang='lat' dir='ltr'>tums</span> <span class='ocrx_word' id='word_1_184' title='bbox 227 2248 311 2311; x_wconf 88' lang='lat' dir='ltr'>itane</span> <span class='ocrx_word' id='word_1_185' title='bbox 322 2251 468 2313; x_wconf 68' lang='lat' dir='ltr'>tandem?</span> <span class='ocrx_word' id='word_1_186' title='bbox 487 2251 520 2312; x_wconf 84' lang='lat' dir='ltr'>ni</span> <span class='ocrx_word' id='word_1_187' title='bbox 532 2258 677 2326; x_wconf 79' lang='lat' dir='ltr'>pareatur</span> <span class='ocrx_word' id='word_1_188' title='bbox 690 2249 729 2310; x_wconf 86' lang='lat' dir='ltr'>iis</span> <span class='ocrx_word' id='word_1_189' title='bbox 744 2247 961 2325; x_wconf 68' lang='lat' dir='ltr'>uesanosque</span> <span class='ocrx_word' id='word_1_190' title='bbox 975 2249 1016 2309; x_wconf 89' lang='lat' dir='ltr'>de</span> <span class='ocrx_word' id='word_1_191' title='bbox 1028 2248 1089 2308; x_wconf 84' lang='lat' dir='ltr'>Mn-</span> 
     </span>
     <span class='ocr_line' id='line_1_25' title="bbox 109 2330 1118 2410; baseline -0.002 -16"><span class='ocrx_word' id='word_1_192' title='bbox 109 2334 242 2395; x_wconf 85' lang='lat' dir='ltr'>eedonia</span> <span class='ocrx_word' id='word_1_193' title='bbox 260 2334 477 2410; x_wconf 70' lang='lat' dir='ltr'>deportamur,</span> <span class='ocrx_word' id='word_1_194' title='bbox 497 2333 621 2397; x_wconf 79' lang='lat' dir='ltr'>visuros</span> <span class='ocrx_word' id='word_1_195' title='bbox 636 2346 724 2409; x_wconf 79' lang='lat' dir='ltr'>esse,</span> <span class='ocrx_word' id='word_1_196' title='bbox 745 2332 820 2410; x_wconf 89' lang='lat' dir='ltr'>quid</span> <span class='ocrx_word' id='word_1_197' title='bbox 840 2332 899 2394; x_wconf 89' lang='lat' dir='ltr'>sihi</span> <span class='ocrx_word' id='word_1_198' title='bbox 919 2330 1095 2393; x_wconf 76' lang='lat' dir='ltr'>iaciendum</span> <span class='ocrx_word' id='word_1_199' title='bbox 1115 2399 1118 2406; x_wconf 55' lang='grc'><strong>,</strong></span> 
     </span>
     <span class='ocr_line' id='line_1_26' title="bbox 109 2416 1096 2496; baseline -0.003 -18"><span class='ocrx_word' id='word_1_200' title='bbox 109 2418 169 2478; x_wconf 82' lang='lat' dir='ltr'>sitt</span> <span class='ocrx_word' id='word_1_201' title='bbox 191 2418 266 2496; x_wconf 84' lang='lat' dir='ltr'>qnid</span> <span class='ocrx_word' id='word_1_202' title='bbox 284 2417 397 2481; x_wconf 86' lang='lat' dir='ltr'>Rhodii</span> <span class='ocrx_word' id='word_1_203' title='bbox 411 2418 509 2482; x_wconf 73' lang='lat' dir='ltr'>visum</span> <span class='ocrx_word' id='word_1_204' title='bbox 523 2417 598 2493; x_wconf 88' lang='lat' dir='ltr'>sint,</span> <span class='ocrx_word' id='word_1_205' title='bbox 616 2417 707 2495; x_wconf 79' lang='lat' dir='ltr'>ipsos</span> <span class='ocrx_word' id='word_1_206' title='bbox 721 2416 815 2479; x_wconf 79' lang='lat' dir='ltr'>seira.</span> <span class='ocrx_word' id='word_1_207' title='bbox 840 2416 991 2494; x_wconf 84' lang='lat' dir='ltr'>poputum</span> <span class='ocrx_word' id='word_1_208' title='bbox 1011 2422 1096 2476; x_wconf 78' lang='lat' dir='ltr'>certe</span> 
     </span>
     <span class='ocr_line' id='line_1_27' title="bbox 108 2500 1098 2581; baseline -0.006 -17"><span class='ocrx_word' id='word_1_209' title='bbox 108 2502 283 2565; x_wconf 85' lang='lat' dir='ltr'>Romanum</span> <span class='ocrx_word' id='word_1_210' title='bbox 294 2502 416 2565; x_wconf 68' lang='lat' dir='ltr'>denuo</span> <span class='ocrx_word' id='word_1_211' title='bbox 428 2502 554 2577; x_wconf 80' lang='lat' dir='ltr'>Perseo,</span> <span class='ocrx_word' id='word_1_212' title='bbox 570 2503 656 2581; x_wconf 84' lang='lat' dir='ltr'>quod</span> <span class='ocrx_word' id='word_1_213' title='bbox 667 2517 769 2579; x_wconf 72' lang='lat' dir='ltr'>osopo</span> <span class='ocrx_word' id='word_1_214' title='bbox 781 2500 863 2563; x_wconf 86' lang='lat' dir='ltr'>diem</span> <span class='ocrx_word' id='word_1_215' title='bbox 877 2507 1003 2576; x_wconf 77' lang='lat' dir='ltr'>sperent</span> <span class='ocrx_word' id='word_1_216' title='bbox 1016 2501 1098 2573; x_wconf 75' lang='lat' dir='ltr'>fore,</span> 
     </span>
     <span class='ocr_line' id='line_1_28' title="bbox 108 2583 1094 2664; baseline -0.004 -16"><span class='ocrx_word' id='word_1_217' title='bbox 108 2587 263 2661; x_wconf 79' lang='lat' dir='ltr'>visumm,</span> <span class='ocrx_word' id='word_1_218' title='bbox 288 2593 323 2648; x_wconf 88' lang='lat' dir='ltr'>ut</span> <span class='ocrx_word' id='word_1_219' title='bbox 345 2604 403 2663; x_wconf 77' lang='lat' dir='ltr'>pto</span> <span class='ocrx_word' id='word_1_220' title='bbox 428 2587 546 2650; x_wconf 73' lang='lat' dir='ltr'>metius</span> <span class='ocrx_word' id='word_1_221' title='bbox 572 2587 723 2664; x_wconf 78' lang='lat' dir='ltr'>omneque</span> <span class='ocrx_word' id='word_1_222' title='bbox 748 2586 841 2648; x_wconf 89' lang='lat' dir='ltr'>ineo</span> <span class='ocrx_word' id='word_1_223' title='bbox 859 2585 940 2647; x_wconf 83' lang='lat' dir='ltr'>betto</span> <span class='ocrx_word' id='word_1_224' title='bbox 962 2583 1094 2646; x_wconf 81' lang='lat' dir='ltr'>civitatis</span> 
     </span>
     <span class='ocr_line' id='line_1_29' title="bbox 109 2667 1099 2746; baseline -0.001 -17"><span class='ocrx_word' id='word_1_225' title='bbox 109 2670 237 2744; x_wconf 80' lang='lat' dir='ltr'>gratiam</span> <span class='ocrx_word' id='word_1_226' title='bbox 252 2669 375 2744; x_wconf 71' lang='lat' dir='ltr'>dignam</span> <span class='ocrx_word' id='word_1_227' title='bbox 389 2672 511 2732; x_wconf 70' lang='lat' dir='ltr'>referat</span> <span class='ocrx_word' id='word_1_228' title='bbox 538 2688 651 2732; x_wconf 82' lang='lat' dir='ltr'>munus</span> <span class='ocrx_word' id='word_1_229' title='bbox 664 2679 767 2733; x_wconf 87' lang='lat' dir='ltr'>tamen</span> <span class='ocrx_word' id='word_1_230' title='bbox 783 2667 895 2746; x_wconf 56' lang='lat' dir='ltr'>leswe</span> <span class='ocrx_word' id='word_1_231' title='bbox 907 2668 940 2731; x_wconf 88' lang='lat' dir='ltr'>iu</span> <span class='ocrx_word' id='word_1_232' title='bbox 952 2669 1099 2746; x_wconf 73' lang='lat' dir='ltr'>singulos-</span> 
     </span>
     <span class='ocr_line' id='line_1_30' title="bbox 109 2749 1094 2830; baseline 0.002 -20"><span class='ocrx_word' id='word_1_233' title='bbox 109 2752 216 2811; x_wconf 80' lang='lat' dir='ltr'>binum</span> <span class='ocrx_word' id='word_1_234' title='bbox 228 2749 344 2811; x_wconf 80' lang='lat' dir='ltr'>mitium</span> <span class='ocrx_word' id='word_1_235' title='bbox 356 2754 437 2812; x_wconf 82' lang='lat' dir='ltr'>aeris</span> <span class='ocrx_word' id='word_1_236' title='bbox 450 2753 579 2814; x_wconf 85' lang='lat' dir='ltr'>missum</span> <span class='ocrx_word' id='word_1_237' title='bbox 593 2761 656 2814; x_wconf 65' lang='lat' dir='ltr'>esta</span> <span class='ocrx_word' id='word_1_238' title='bbox 685 2753 771 2829; x_wconf 92' lang='lat' dir='ltr'>quod</span> <span class='ocrx_word' id='word_1_239' title='bbox 783 2751 805 2812; x_wconf 91' lang='lat' dir='ltr'>ii</span> <span class='ocrx_word' id='word_1_240' title='bbox 818 2770 880 2814; x_wconf 87' lang='lat' dir='ltr'>non</span> <span class='ocrx_word' id='word_1_241' title='bbox 897 2760 1094 2830; x_wconf 70' lang='lat' dir='ltr'>aeceperunt·</span> 
     </span>
    </p>

    <p class='ocr_par' dir='ltr' id='par_1_4' title="bbox 107 2828 1121 3571">
     <span class='ocr_line' id='line_1_31' title="bbox 193 2828 1096 2912; baseline 0.003 -19"><span class='ocrx_word' id='word_1_242' title='bbox 193 2828 273 2893; x_wconf 82' lang='lat' dir='ltr'>xvi.</span> <span class='ocrx_word' id='word_1_243' title='bbox 296 2834 427 2894; x_wconf 85' lang='lat' dir='ltr'>Litterae</span> <span class='ocrx_word' id='word_1_244' title='bbox 438 2834 551 2895; x_wconf 86' lang='lat' dir='ltr'>deinde</span> <span class='ocrx_word' id='word_1_245' title='bbox 560 2835 860 2909; x_wconf 71' lang='lat' dir='ltr'>recitataeQMaroii</span> <span class='ocrx_word' id='word_1_246' title='bbox 868 2837 1004 2898; x_wconf 81' lang='lat' dir='ltr'>consulis</span> <span class='ocrx_word' id='word_1_247' title='bbox 1013 2844 1096 2912; x_wconf 78' lang='lat' dir='ltr'>sunt,</span> 
     </span>
     <span class='ocr_line' id='line_1_32' title="bbox 110 2916 1094 2994; baseline 0.006 -15"><span class='ocrx_word' id='word_1_248' title='bbox 110 2916 370 2994; x_wconf 75' lang='lat' dir='ltr'>quemadmodum</span> <span class='ocrx_word' id='word_1_249' title='bbox 384 2919 463 2979; x_wconf 84' lang='lat' dir='ltr'>snitu</span> <span class='ocrx_word' id='word_1_250' title='bbox 477 2925 624 2993; x_wconf 83' lang='lat' dir='ltr'>superato</span> <span class='ocrx_word' id='word_1_251' title='bbox 643 2916 676 2978; x_wconf 89' lang='lat' dir='ltr'>in</span> <span class='ocrx_word' id='word_1_252' title='bbox 695 2917 908 2979; x_wconf 66' lang='lat' dir='ltr'>Macedonum</span> <span class='ocrx_word' id='word_1_253' title='bbox 922 2921 1094 2987; x_wconf 82' lang='lat' dir='ltr'>transisset.</span> 
     </span>
     <span class='ocr_line' id='line_1_33' title="bbox 108 2999 1094 3076; baseline 0.002 -13"><span class='ocrx_word' id='word_1_254' title='bbox 108 3002 151 3063; x_wconf 89' lang='lat' dir='ltr'>ibi</span> <span class='ocrx_word' id='word_1_255' title='bbox 171 3009 202 3063; x_wconf 89' lang='lat' dir='ltr'>et</span> <span class='ocrx_word' id='word_1_256' title='bbox 221 3016 262 3062; x_wconf 83' lang='lat' dir='ltr'>ex</span> <span class='ocrx_word' id='word_1_257' title='bbox 281 3001 349 3062; x_wconf 87' lang='lat' dir='ltr'>aliis</span> <span class='ocrx_word' id='word_1_258' title='bbox 368 3001 448 3064; x_wconf 74' lang='lat' dir='ltr'>ionis</span> <span class='ocrx_word' id='word_1_259' title='bbox 468 3006 657 3064; x_wconf 84' lang='lat' dir='ltr'>oommentus</span> <span class='ocrx_word' id='word_1_260' title='bbox 672 2999 688 3039; x_wconf 85' lang='lat'>*</span> <span class='ocrx_word' id='word_1_261' title='bbox 704 3008 892 3076; x_wconf 72' lang='lat' dir='ltr'>prosecutos</span> <span class='ocrx_word' id='word_1_262' title='bbox 911 3002 944 3063; x_wconf 84' lang='lat' dir='ltr'>in</span> <span class='ocrx_word' id='word_1_263' title='bbox 962 3002 1094 3065; x_wconf 70' lang='lat' dir='ltr'>manem</span> 
     </span>
     <span class='ocr_line' id='line_1_34' title="bbox 107 3083 1096 3163; baseline 0.002 -15"><span class='ocrx_word' id='word_1_264' title='bbox 107 3086 234 3161; x_wconf 67' lang='lat' dir='ltr'>nmero,</span> <span class='ocrx_word' id='word_1_265' title='bbox 247 3094 278 3149; x_wconf 82' lang='lat' dir='ltr'>st</span> <span class='ocrx_word' id='word_1_266' title='bbox 291 3086 332 3147; x_wconf 85' lang='lat' dir='ltr'>ab</span> <span class='ocrx_word' id='word_1_267' title='bbox 345 3084 482 3163; x_wconf 63' lang='lat' dir='ltr'>innotis</span> <span class='ocrx_word' id='word_1_268' title='bbox 494 3083 601 3162; x_wconf 70' lang='lat' dir='ltr'>viginti</span> <span class='ocrx_word' id='word_1_269' title='bbox 614 3083 699 3147; x_wconf 74' lang='lat' dir='ltr'>titiiia</span> <span class='ocrx_word' id='word_1_270' title='bbox 710 3083 845 3146; x_wconf 85' lang='lat' dir='ltr'>modium</span> <span class='ocrx_word' id='word_1_271' title='bbox 858 3084 965 3161; x_wconf 83' lang='lat' dir='ltr'>tritioi,</span> <span class='ocrx_word' id='word_1_272' title='bbox 986 3088 1096 3150; x_wconf 77' lang='lat' dir='ltr'>doeens</span> 
     </span>
     <span class='ocr_line' id='line_1_35' title="bbox 107 3169 1092 3248; baseline 0.001 -16"><span class='ocrx_word' id='word_1_273' title='bbox 107 3170 217 3234; x_wconf 82' lang='lat' dir='ltr'>hordei</span> <span class='ocrx_word' id='word_1_274' title='bbox 232 3169 423 3247; x_wconf 69' lang='lat' dir='ltr'>sumpsisset</span> <span class='ocrx_word' id='word_1_275' title='bbox 442 3180 478 3233; x_wconf 92' lang='lat' dir='ltr'>ut</span> <span class='ocrx_word' id='word_1_276' title='bbox 489 3186 548 3248; x_wconf 80' lang='lat' dir='ltr'>pro</span> <span class='ocrx_word' id='word_1_277' title='bbox 563 3185 602 3232; x_wconf 92' lang='lat' dir='ltr'>eo</span> <span class='ocrx_word' id='word_1_278' title='bbox 613 3171 765 3231; x_wconf 81' lang='lat' dir='ltr'>immonto</span> <span class='ocrx_word' id='word_1_279' title='bbox 779 3171 912 3245; x_wconf 82' lang='lat' dir='ltr'>peouoia</span> <span class='ocrx_word' id='word_1_280' title='bbox 920 3171 1037 3233; x_wconf 85' lang='lat' dir='ltr'>Romae</span> <span class='ocrx_word' id='word_1_281' title='bbox 1051 3174 1092 3233; x_wconf 75' lang='lat' dir='ltr'>ie·</span> 
     </span>
     <span class='ocr_line' id='line_1_36' title="bbox 108 3251 1095 3330; baseline -0.003 -14"><span class='ocrx_word' id='word_1_282' title='bbox 108 3253 187 3330; x_wconf 82' lang='lat' dir='ltr'>gatis</span> <span class='ocrx_word' id='word_1_283' title='bbox 202 3272 309 3317; x_wconf 77' lang='lat' dir='ltr'>eorum</span> <span class='ocrx_word' id='word_1_284' title='bbox 325 3263 492 3317; x_wconf 78' lang='lat' dir='ltr'>curaretur.</span> <span class='ocrx_word' id='word_1_285' title='bbox 513 3255 694 3317; x_wconf 81' lang='lat' dir='ltr'>vestimenta</span> <span class='ocrx_word' id='word_1_286' title='bbox 707 3251 852 3316; x_wconf 73' lang='lat' dir='ltr'>mitibus</span> <span class='ocrx_word' id='word_1_287' title='bbox 867 3256 906 3316; x_wconf 89' lang='lat' dir='ltr'>ab</span> <span class='ocrx_word' id='word_1_288' title='bbox 916 3256 1016 3317; x_wconf 80' lang='lat' dir='ltr'>Bonna</span> <span class='ocrx_word' id='word_1_289' title='bbox 1028 3255 1095 3314; x_wconf 88' lang='lat' dir='ltr'>mit·</span> 
     </span>
     <span class='ocr_line' id='line_1_37' title="bbox 108 3336 1121 3416; baseline -0.006 -16"><span class='ocrx_word' id='word_1_290' title='bbox 108 3340 201 3400; x_wconf 82' lang='lat' dir='ltr'>tenda</span> <span class='ocrx_word' id='word_1_291' title='bbox 215 3356 297 3402; x_wconf 84' lang='lat' dir='ltr'>esse.</span> <span class='ocrx_word' id='word_1_292' title='bbox 317 3341 409 3415; x_wconf 78' lang='lat' dir='ltr'>equit</span> <span class='ocrx_word' id='word_1_293' title='bbox 422 3339 564 3403; x_wconf 81' lang='lat' dir='ltr'>ducentis</span> <span class='ocrx_word' id='word_1_294' title='bbox 579 3341 675 3401; x_wconf 78' lang='lat' dir='ltr'>terme</span> <span class='ocrx_word' id='word_1_295' title='bbox 689 3352 771 3416; x_wconf 86' lang='lat' dir='ltr'>opus</span> <span class='ocrx_word' id='word_1_296' title='bbox 787 3355 869 3414; x_wconf 86' lang='lat' dir='ltr'>esse,</span> <span class='ocrx_word' id='word_1_297' title='bbox 888 3338 1020 3401; x_wconf 83' lang='lat' dir='ltr'>maxime</span> <span class='ocrx_word' id='word_1_298' title='bbox 1033 3336 1093 3395; x_wconf 79' lang='lat' dir='ltr'>Nu·</span> <span class='ocrx_word' id='word_1_299' title='bbox 1114 3405 1121 3410; x_wconf 42' lang='grc'><em>,</em></span> 
     </span>
     <span class='ocr_line' id='line_1_38' title="bbox 108 3423 1095 3501; baseline -0.008 -17"><span class='ocrx_word' id='word_1_300' title='bbox 108 3423 216 3495; x_wconf 83' lang='lat' dir='ltr'>midis;</span> <span class='ocrx_word' id='word_1_301' title='bbox 237 3440 296 3485; x_wconf 85' lang='lat' dir='ltr'>neo</span> <span class='ocrx_word' id='word_1_302' title='bbox 315 3423 375 3486; x_wconf 89' lang='lat' dir='ltr'>sibi</span> <span class='ocrx_word' id='word_1_303' title='bbox 394 3424 426 3485; x_wconf 86' lang='lat' dir='ltr'>iu</span> <span class='ocrx_word' id='word_1_304' title='bbox 446 3424 496 3487; x_wconf 84' lang='lat' dir='ltr'>his</span> <span class='ocrx_word' id='word_1_305' title='bbox 513 3425 592 3486; x_wconf 87' lang='lat' dir='ltr'>ioois</span> <span class='ocrx_word' id='word_1_306' title='bbox 612 3425 705 3485; x_wconf 85' lang='lat' dir='ltr'>ullam</span> <span class='ocrx_word' id='word_1_307' title='bbox 724 3424 846 3501; x_wconf 72' lang='lat' dir='ltr'>sopiam</span> <span class='ocrx_word' id='word_1_308' title='bbox 863 3438 945 3484; x_wconf 80' lang='lat' dir='ltr'>esse.</span> <span class='ocrx_word' id='word_1_309' title='bbox 968 3426 1095 3480; x_wconf 86' lang='lat' dir='ltr'>senatus</span> 
     </span>
     <span class='ocr_line' id='line_1_39' title="bbox 109 3503 1096 3571; baseline -0.007 -1"><span class='ocrx_word' id='word_1_310' title='bbox 109 3509 282 3570; x_wconf 77' lang='lat' dir='ltr'>omsuitum</span> <span class='ocrx_word' id='word_1_311' title='bbox 297 3514 331 3568; x_wconf 87' lang='lat' dir='ltr'>nt</span> <span class='ocrx_word' id='word_1_312' title='bbox 344 3524 382 3568; x_wconf 89' lang='lat' dir='ltr'>ea</span> <span class='ocrx_word' id='word_1_313' title='bbox 397 3508 500 3570; x_wconf 89' lang='lat' dir='ltr'>omnia</span> <span class='ocrx_word' id='word_1_314' title='bbox 519 3525 561 3570; x_wconf 82' lang='lat' dir='ltr'>ex</span> <span class='ocrx_word' id='word_1_315' title='bbox 574 3509 681 3571; x_wconf 83' lang='lat' dir='ltr'>litteris</span> <span class='ocrx_word' id='word_1_316' title='bbox 702 3506 841 3571; x_wconf 84' lang='lat' dir='ltr'>eonsuiis</span> <span class='ocrx_word' id='word_1_317' title='bbox 858 3507 968 3568; x_wconf 78' lang='lat' dir='ltr'>dorent</span> <span class='ocrx_word' id='word_1_318' title='bbox 980 3503 1096 3563; x_wconf 78' lang='lat' dir='ltr'>iactum</span> 
     </span>
    </p>
   </div>
   <div class='ocr_carea' id='block_1_4' title="bbox 0 0 1330 4017">
    <p class='ocr_par' dir='ltr' id='par_1_5' title="bbox 0 0 1330 4017">
     <span class='ocr_line' id='line_1_40' title="bbox 0 0 1330 4017; baseline 0 0"><span class='ocrx_word' id='word_1_319' title='bbox 0 0 1330 4017; x_wconf 95' lang='lat' dir='ltr'> </span> 
     </span>
    </p>
   </div>
  </div>
 </body>
</html>
