<?xml version="1.0" encoding="UTF-8"?>
<!DOCTYPE html PUBLIC "-//W3C//DTD XHTML 1.0 Transitional//EN"
    "http://www.w3.org/TR/xhtml1/DTD/xhtml1-transitional.dtd">
<html xmlns="http://www.w3.org/1999/xhtml" xml:lang="en" lang="en">
 <head>
  <title>
</title>
<meta http-equiv="Content-Type" content="text/html;charset=utf-8" />
  <meta name='ocr-system' content='tesseract 3.04.00' />
  <meta name='ocr-capabilities' content='ocr_page ocr_carea ocr_par ocr_line ocrx_word'/>
</head>
<body>
  <div class='ocr_page' id='page_1' title='image "./aburbeconditali01mlgoog_0280.png"; bbox 0 0 2642 4017; ppageno 0'>
   <div class='ocr_carea' id='block_1_1' title="bbox 231 218 1028 295">
    <p class='ocr_par' dir='ltr' id='par_1_1' title="bbox 231 218 1028 295">
     <span class='ocr_line' id='line_1_1' title="bbox 231 218 1028 295; baseline 0 -11"><span class='ocrx_word' id='word_1_1' title='bbox 231 223 296 293; x_wconf 75' lang='lat' dir='ltr'><strong>ses</strong></span> <span class='ocrx_word' id='word_1_2' title='bbox 413 218 1028 295; x_wconf 66' lang='lat' dir='ltr'><strong>msssxu1v.csa.as.[au.0.ssn</strong></span> 
     </span>
    </p>
   </div>
   <div class='ocr_carea' id='block_1_2' title="bbox 230 371 1214 3129">
    <p class='ocr_par' dir='ltr' id='par_1_2' title="bbox 231 371 1213 522">
     <span class='ocr_line' id='line_1_2' title="bbox 233 371 1213 456; baseline -0.003 -17"><span class='ocrx_word' id='word_1_3' title='bbox 233 392 295 456; x_wconf 90' lang='lat' dir='ltr'><strong>que</strong></span> <span class='ocrx_word' id='word_1_4' title='bbox 314 375 488 438; x_wconf 68' lang='lat' dir='ltr'><strong>accuratius</strong></span> <span class='ocrx_word' id='word_1_5' title='bbox 502 373 648 448; x_wconf 85' lang='lat' dir='ltr'><strong>celantur,</strong></span> <span class='ocrx_word' id='word_1_6' title='bbox 670 386 708 434; x_wconf 89' lang='lat' dir='ltr'><strong>eo</strong></span> <span class='ocrx_word' id='word_1_7' title='bbox 723 371 843 433; x_wconf 78' lang='lat' dir='ltr'><strong>facilius</strong></span> <span class='ocrx_word' id='word_1_8' title='bbox 857 372 1043 449; x_wconf 71' lang='lat' dir='ltr'><strong>loquacitate</strong></span> <span class='ocrx_word' id='word_1_9' title='bbox 1055 373 1213 450; x_wconf 76' lang='lat' dir='ltr'><strong>regiorum</strong></span> 
     </span>
     <span class='ocr_line' id='line_1_3' title="bbox 231 459 602 522; baseline -0.013 0"><span class='ocrx_word' id='word_1_10' title='bbox 231 459 439 522; x_wconf 78' lang='lat' dir='ltr'><strong>minIstromnr</strong></span> <span class='ocrx_word' id='word_1_11' title='bbox 452 463 602 518; x_wconf 85' lang='lat' dir='ltr'><strong>emanant</strong></span> 
     </span>
    </p>

    <p class='ocr_par' dir='ltr' id='par_1_3' title="bbox 230 536 1214 3129">
     <span class='ocr_line' id='line_1_4' title="bbox 317 536 1214 617; baseline -0.001 -11"><span class='ocrx_word' id='word_1_12' title='bbox 317 541 383 606; x_wconf 84' lang='lat' dir='ltr'><strong>Sub</strong></span> <span class='ocrx_word' id='word_1_13' title='bbox 402 543 483 603; x_wconf 87' lang='lat' dir='ltr'><strong>idem</strong></span> <span class='ocrx_word' id='word_1_14' title='bbox 502 548 626 617; x_wconf 91' lang='lat' dir='ltr'><strong>tempus</strong></span> <span class='ocrx_word' id='word_1_15' title='bbox 645 538 759 601; x_wconf 77' lang='lat' dir='ltr'><strong>Rhodii</strong></span> <span class='ocrx_word' id='word_1_16' title='bbox 779 536 871 614; x_wconf 77' lang='lat' dir='ltr'><strong>legati</strong></span> <span class='ocrx_word' id='word_1_17' title='bbox 891 539 922 598; x_wconf 88' lang='lat' dir='ltr'><strong>in</strong></span> <span class='ocrx_word' id='word_1_18' title='bbox 940 545 1044 601; x_wconf 85' lang='lat' dir='ltr'><strong>castra</strong></span> <span class='ocrx_word' id='word_1_19' title='bbox 1062 551 1214 605; x_wconf 79' lang='lat' dir='ltr'><strong>venenant</strong></span> 
     </span>
     <span class='ocr_line' id='line_1_5' title="bbox 232 622 1214 701; baseline -0.004 -10"><span class='ocrx_word' id='word_1_20' title='bbox 232 645 305 691; x_wconf 89' lang='lat' dir='ltr'><strong>cum</strong></span> <span class='ocrx_word' id='word_1_21' title='bbox 318 626 429 689; x_wconf 87' lang='lat' dir='ltr'><strong>iisdem</strong></span> <span class='ocrx_word' id='word_1_22' title='bbox 442 626 482 687; x_wconf 90' lang='lat' dir='ltr'><strong>de</strong></span> <span class='ocrx_word' id='word_1_23' title='bbox 492 640 571 701; x_wconf 86' lang='lat' dir='ltr'><strong>pace</strong></span> <span class='ocrx_word' id='word_1_24' title='bbox 580 622 743 696; x_wconf 84' lang='lat' dir='ltr'><strong>mundatis,</strong></span> <span class='ocrx_word' id='word_1_25' title='bbox 758 638 838 698; x_wconf 87' lang='lat' dir='ltr'><strong>quae</strong></span> <span class='ocrx_word' id='word_1_26' title='bbox 847 623 965 684; x_wconf 82' lang='lat' dir='ltr'><strong>Romae</strong></span> <span class='ocrx_word' id='word_1_27' title='bbox 974 622 1127 698; x_wconf 72' lang='lat' dir='ltr'><strong>ingentem</strong></span> <span class='ocrx_word' id='word_1_28' title='bbox 1135 624 1214 687; x_wconf 70' lang='lat' dir='ltr'><strong>uam</strong></span> 
     </span>
     <span class='ocr_line' id='line_1_6' title="bbox 232 704 1213 790; baseline -0.003 -17"><span class='ocrx_word' id='word_1_29' title='bbox 232 720 354 790; x_wconf 88' lang='lat' dir='ltr'><strong>patrum</strong></span> <span class='ocrx_word' id='word_1_30' title='bbox 367 708 553 771; x_wconf 83' lang='lat' dir='ltr'><strong>exaltavere.</strong></span> <span class='ocrx_word' id='word_1_31' title='bbox 572 709 667 768; x_wconf 88' lang='lat' dir='ltr'><strong>multo</strong></span> <span class='ocrx_word' id='word_1_32' title='bbox 687 704 891 782; x_wconf 74' lang='lat' dir='ltr'><strong>iniquioribus</strong></span> <span class='ocrx_word' id='word_1_33' title='bbox 904 705 1015 767; x_wconf 83' lang='lat' dir='ltr'><strong>animis</strong></span> <span class='ocrx_word' id='word_1_34' title='bbox 1029 724 1050 769; x_wconf 98' lang='lat' dir='ltr'><strong>a</strong></span> <span class='ocrx_word' id='word_1_35' title='bbox 1062 709 1213 770; x_wconf 81' lang='lat' dir='ltr'><strong>castrensi</strong></span> 
     </span>
     <span class='ocr_line' id='line_1_7' title="bbox 233 789 1213 867; baseline -0.005 -9"><span class='ocrx_word' id='word_1_36' title='bbox 233 794 362 858; x_wconf 87' lang='lat' dir='ltr'><strong>consiliu</strong></span> <span class='ocrx_word' id='word_1_37' title='bbox 385 792 480 854; x_wconf 89' lang='lat' dir='ltr'><strong>auditi</strong></span> <span class='ocrx_word' id='word_1_38' title='bbox 501 798 581 853; x_wconf 86' lang='lat' dir='ltr'><strong>suut</strong></span> <span class='ocrx_word' id='word_1_39' title='bbox 609 792 715 867; x_wconf 90' lang='lat' dir='ltr'><strong>itaque</strong></span> <span class='ocrx_word' id='word_1_40' title='bbox 735 805 804 851; x_wconf 90' lang='lat' dir='ltr'><strong>cum</strong></span> <span class='ocrx_word' id='word_1_41' title='bbox 817 789 869 850; x_wconf 84' lang='lat' dir='ltr'><strong>alii</strong></span> <span class='ocrx_word' id='word_1_42' title='bbox 882 789 1068 867; x_wconf 87' lang='lat' dir='ltr'><strong>praecipites</strong></span> <span class='ocrx_word' id='word_1_43' title='bbox 1083 792 1151 854; x_wconf 89' lang='lat' dir='ltr'><strong>sine</strong></span> <span class='ocrx_word' id='word_1_44' title='bbox 1163 808 1213 853; x_wconf 89' lang='lat' dir='ltr'><strong>re·</strong></span> 
     </span>
     <span class='ocr_line' id='line_1_8' title="bbox 233 873 1212 957; baseline -0.004 -15"><span class='ocrx_word' id='word_1_45' title='bbox 233 894 353 957; x_wconf 91' lang='lat' dir='ltr'><strong>sponso</strong></span> <span class='ocrx_word' id='word_1_46' title='bbox 374 876 512 952; x_wconf 75' lang='lat' dir='ltr'><strong>agendos</strong></span> <span class='ocrx_word' id='word_1_47' title='bbox 527 874 562 914; x_wconf 84' lang='lat'><strong>**</strong></span> <span class='ocrx_word' id='word_1_48' title='bbox 575 874 702 949; x_wconf 73' lang='lat' dir='ltr'><strong>cassis,</strong></span> <span class='ocrx_word' id='word_1_49' title='bbox 722 873 930 951; x_wconf 86' lang='lat' dir='ltr'><strong>pronuntiavit</strong></span> <span class='ocrx_word' id='word_1_50' title='bbox 941 880 1016 951; x_wconf 84' lang='lat' dir='ltr'><strong>post</strong></span> <span class='ocrx_word' id='word_1_51' title='bbox 1027 874 1109 936; x_wconf 82' lang='lat' dir='ltr'><strong>dicus</strong></span> <span class='ocrx_word' id='word_1_52' title='bbox 1124 875 1212 953; x_wconf 88' lang='lat' dir='ltr'><strong>quiu-</strong></span> 
     </span>
     <span class='ocr_line' id='line_1_9' title="bbox 232 955 1212 1037; baseline -0.006 -12"><span class='ocrx_word' id='word_1_53' title='bbox 232 972 297 1025; x_wconf 90' lang='lat' dir='ltr'><strong>tum</strong></span> <span class='ocrx_word' id='word_1_54' title='bbox 311 961 462 1023; x_wconf 66' lang='lat' dir='ltr'><strong>daemon</strong></span> <span class='ocrx_word' id='word_1_55' title='bbox 482 974 519 1019; x_wconf 90' lang='lat' dir='ltr'><strong>se</strong></span> <span class='ocrx_word' id='word_1_56' title='bbox 531 972 719 1034; x_wconf 88' lang='lat' dir='ltr'><strong>responsum</strong></span> <span class='ocrx_word' id='word_1_57' title='bbox 733 957 884 1019; x_wconf 83' lang='lat' dir='ltr'><strong>daturum.</strong></span> <span class='ocrx_word' id='word_1_58' title='bbox 906 955 1043 1033; x_wconf 82' lang='lat' dir='ltr'><strong>interim,</strong></span> <span class='ocrx_word' id='word_1_59' title='bbox 1062 965 1097 1020; x_wconf 90' lang='lat' dir='ltr'><strong>ut</strong></span> <span class='ocrx_word' id='word_1_60' title='bbox 1115 975 1212 1037; x_wconf 82' lang='lat' dir='ltr'><strong>apps-</strong></span> 
     </span>
     <span class='ocr_line' id='line_1_10' title="bbox 231 1040 1213 1120; baseline -0.003 -13"><span class='ocrx_word' id='word_1_61' title='bbox 231 1051 327 1120; x_wconf 88' lang='lat' dir='ltr'><strong>reret,</strong></span> <span class='ocrx_word' id='word_1_62' title='bbox 348 1049 496 1120; x_wconf 89' lang='lat' dir='ltr'><strong>quantum</strong></span> <span class='ocrx_word' id='word_1_63' title='bbox 515 1040 741 1118; x_wconf 80' lang='lat' dir='ltr'><strong>pacificantium</strong></span> <span class='ocrx_word' id='word_1_64' title='bbox 760 1041 952 1104; x_wconf 87' lang='lat' dir='ltr'><strong>Rhodiorum</strong></span> <span class='ocrx_word' id='word_1_65' title='bbox 971 1042 1138 1105; x_wconf 72' lang='lat' dir='ltr'><strong>auctoritas</strong></span> <span class='ocrx_word' id='word_1_66' title='bbox 1157 1060 1213 1104; x_wconf 79' lang='lat' dir='ltr'><strong>va·</strong></span> 
     </span>
     <span class='ocr_line' id='line_1_11' title="bbox 232 1122 1213 1203; baseline -0.003 -13"><span class='ocrx_word' id='word_1_67' title='bbox 232 1129 350 1203; x_wconf 74' lang='lat' dir='ltr'><strong>luisset,</strong></span> <span class='ocrx_word' id='word_1_68' title='bbox 362 1126 536 1187; x_wconf 83' lang='lat' dir='ltr'><strong>consultare</strong></span> <span class='ocrx_word' id='word_1_69' title='bbox 547 1126 587 1186; x_wconf 86' lang='lat' dir='ltr'><strong>de</strong></span> <span class='ocrx_word' id='word_1_70' title='bbox 597 1122 798 1187; x_wconf 87' lang='lat' dir='ltr'><strong>rationebelli</strong></span> <span class='ocrx_word' id='word_1_71' title='bbox 806 1125 935 1201; x_wconf 70' lang='lat' dir='ltr'><strong>gemuel</strong></span> <span class='ocrx_word' id='word_1_72' title='bbox 946 1126 1056 1202; x_wconf 81' lang='lat' dir='ltr'><strong>coepit</strong></span> <span class='ocrx_word' id='word_1_73' title='bbox 1070 1128 1213 1203; x_wconf 83' lang='lat' dir='ltr'><strong>placebat</strong></span> 
     </span>
     <span class='ocr_line' id='line_1_12' title="bbox 233 1207 1212 1289; baseline -0.002 -15"><span class='ocrx_word' id='word_1_74' title='bbox 233 1211 426 1289; x_wconf 79' lang='lat' dir='ltr'><strong>quibusdam,</strong></span> <span class='ocrx_word' id='word_1_75' title='bbox 446 1216 478 1272; x_wconf 89' lang='lat' dir='ltr'><strong>et</strong></span> <span class='ocrx_word' id='word_1_76' title='bbox 489 1208 622 1269; x_wconf 81' lang='lat' dir='ltr'><strong>maxime</strong></span> <span class='ocrx_word' id='word_1_77' title='bbox 635 1207 804 1270; x_wconf 88' lang='lat' dir='ltr'><strong>maioribus</strong></span> <span class='ocrx_word' id='word_1_78' title='bbox 817 1215 899 1285; x_wconf 85' lang='lat' dir='ltr'><strong>netu,</strong></span> <span class='ocrx_word' id='word_1_79' title='bbox 921 1224 978 1285; x_wconf 91' lang='lat' dir='ltr'><strong>per</strong></span> <span class='ocrx_word' id='word_1_80' title='bbox 988 1209 1099 1286; x_wconf 79' lang='lat' dir='ltr'><strong>Enipei</strong></span> <span class='ocrx_word' id='word_1_81' title='bbox 1112 1209 1212 1287; x_wconf 86' lang='lat' dir='ltr'><strong>ripum</strong></span> 
     </span>
     <span class='ocr_line' id='line_1_13' title="bbox 232 1291 1211 1370; baseline -0.002 -12"><span class='ocrx_word' id='word_1_82' title='bbox 232 1296 479 1370; x_wconf 79' lang='lat' dir='ltr'><strong>munitionesque</strong></span> <span class='ocrx_word' id='word_1_83' title='bbox 499 1293 561 1353; x_wconf 87' lang='lat' dir='ltr'><strong>vim</strong></span> <span class='ocrx_word' id='word_1_84' title='bbox 580 1293 699 1355; x_wconf 70' lang='lat' dir='ltr'><strong>iaceret</strong></span> <span class='ocrx_word' id='word_1_85' title='bbox 731 1291 877 1355; x_wconf 76' lang='lat' dir='ltr'><strong>conatus</strong></span> <span class='ocrx_word' id='word_1_86' title='bbox 898 1299 929 1354; x_wconf 89' lang='lat' dir='ltr'><strong>et</strong></span> <span class='ocrx_word' id='word_1_87' title='bbox 944 1293 1008 1354; x_wconf 72' lang='lat' dir='ltr'><strong>vvim</strong></span> <span class='ocrx_word' id='word_1_88' title='bbox 1029 1294 1211 1356; x_wconf 83' lang='lat' dir='ltr'><strong>iacientibus</strong></span> 
     </span>
     <span class='ocr_line' id='line_1_14' title="bbox 232 1376 1211 1453; baseline -0.002 -11"><span class='ocrx_word' id='word_1_89' title='bbox 232 1379 379 1442; x_wconf 87' lang='lat' dir='ltr'><strong>resistere</strong></span> <span class='ocrx_word' id='word_1_90' title='bbox 392 1376 581 1439; x_wconf 82' lang='lat' dir='ltr'><strong>Macedonas</strong></span> <span class='ocrx_word' id='word_1_91' title='bbox 596 1392 658 1439; x_wconf 89' lang='lat' dir='ltr'><strong>non</strong></span> <span class='ocrx_word' id='word_1_92' title='bbox 674 1392 780 1453; x_wconf 87' lang='lat' dir='ltr'><strong>posse,</strong></span> <span class='ocrx_word' id='word_1_93' title='bbox 795 1392 836 1437; x_wconf 89' lang='lat' dir='ltr'><strong>ex</strong></span> <span class='ocrx_word' id='word_1_94' title='bbox 848 1377 1039 1439; x_wconf 85' lang='lat' dir='ltr'><strong>totcastellis</strong></span> <span class='ocrx_word' id='word_1_95' title='bbox 1054 1377 1211 1453; x_wconf 83' lang='lat' dir='ltr'><strong>aliquante</strong></span> 
     </span>
     <span class='ocr_line' id='line_1_15' title="bbox 232 1458 1212 1537; baseline -0.003 -11"><span class='ocrx_word' id='word_1_96' title='bbox 232 1463 391 1527; x_wconf 89' lang='lat' dir='ltr'><strong>altioribus</strong></span> <span class='ocrx_word' id='word_1_97' title='bbox 412 1476 450 1523; x_wconf 86' lang='lat' dir='ltr'><strong>se</strong></span> <span class='ocrx_word' id='word_1_98' title='bbox 469 1460 696 1532; x_wconf 83' lang='lat' dir='ltr'><strong>munitioribus,</strong></span> <span class='ocrx_word' id='word_1_99' title='bbox 718 1476 800 1537; x_wconf 87' lang='lat' dir='ltr'><strong>quae</strong></span> <span class='ocrx_word' id='word_1_100' title='bbox 815 1458 925 1522; x_wconf 88' lang='lat' dir='ltr'><strong>validis</strong></span> <span class='ocrx_word' id='word_1_101' title='bbox 945 1460 1111 1537; x_wconf 82' lang='lat' dir='ltr'><strong>praesidiis</strong></span> <span class='ocrx_word' id='word_1_102' title='bbox 1130 1462 1212 1523; x_wconf 85' lang='lat' dir='ltr'><strong>inse·</strong></span> 
     </span>
     <span class='ocr_line' id='line_1_16' title="bbox 232 1544 1210 1622; baseline -0.001 -12"><span class='ocrx_word' id='word_1_103' title='bbox 232 1549 366 1622; x_wconf 89' lang='lat' dir='ltr'><strong>dissent,</strong></span> <span class='ocrx_word' id='word_1_104' title='bbox 391 1546 496 1622; x_wconf 86' lang='lat' dir='ltr'><strong>priore</strong></span> <span class='ocrx_word' id='word_1_105' title='bbox 519 1556 601 1607; x_wconf 86' lang='lat' dir='ltr'><strong>anno</strong></span> <span class='ocrx_word' id='word_1_106' title='bbox 625 1544 774 1606; x_wconf 83' lang='lat' dir='ltr'><strong>deiectus</strong></span> <span class='ocrx_word' id='word_1_107' title='bbox 801 1545 870 1606; x_wconf 86' lang='lat' dir='ltr'><strong>allis</strong></span> <span class='ocrx_word' id='word_1_108' title='bbox 892 1544 1034 1620; x_wconf 82' lang='lat' dir='ltr'><strong>placebat</strong></span> <span class='ocrx_word' id='word_1_109' title='bbox 1053 1544 1210 1609; x_wconf 83' lang='lat' dir='ltr'><strong>Octavium</strong></span> 
     </span>
     <span class='ocr_line' id='line_1_17' title="bbox 233 1628 1211 1706; baseline -0.002 -14"><span class='ocrx_word' id='word_1_110' title='bbox 233 1647 302 1692; x_wconf 92' lang='lat' dir='ltr'><strong>cum</strong></span> <span class='ocrx_word' id='word_1_111' title='bbox 324 1633 425 1692; x_wconf 88' lang='lat' dir='ltr'><strong>classe</strong></span> <span class='ocrx_word' id='word_1_112' title='bbox 438 1628 689 1690; x_wconf 77' lang='lat' dir='ltr'><strong>massaionloam</strong></span> <span class='ocrx_word' id='word_1_113' title='bbox 711 1633 817 1705; x_wconf 88' lang='lat' dir='ltr'><strong>petere</strong></span> <span class='ocrx_word' id='word_1_114' title='bbox 835 1628 1079 1706; x_wconf 62' lang='lat' dir='ltr'><strong>apopulatione</strong></span> <span class='ocrx_word' id='word_1_115' title='bbox 1099 1629 1211 1690; x_wconf 85' lang='lat' dir='ltr'><strong>mariti·</strong></span> 
     </span>
     <span class='ocr_line' id='line_1_18' title="bbox 232 1710 1212 1790; baseline -0.001 -16"><span class='ocrx_word' id='word_1_116' title='bbox 232 1729 301 1774; x_wconf 90' lang='lat' dir='ltr'><strong>mae</strong></span> <span class='ocrx_word' id='word_1_117' title='bbox 315 1728 389 1775; x_wconf 87' lang='lat' dir='ltr'><strong>orae</strong></span> <span class='ocrx_word' id='word_1_118' title='bbox 403 1710 587 1787; x_wconf 80' lang='lat' dir='ltr'><strong>distringere</strong></span> <span class='ocrx_word' id='word_1_119' title='bbox 601 1711 709 1788; x_wconf 80' lang='lat' dir='ltr'><strong>neptas</strong></span> <span class='ocrx_word' id='word_1_120' title='bbox 722 1712 840 1788; x_wconf 79' lang='lat' dir='ltr'><strong>regias,</strong></span> <span class='ocrx_word' id='word_1_121' title='bbox 860 1719 895 1775; x_wconf 94' lang='grc' dir='ltr'><strong>ιιι</strong></span> <span class='ocrx_word' id='word_1_122' title='bbox 908 1714 1004 1774; x_wconf 77' lang='lat' dir='ltr'><strong>dicre</strong></span> <span class='ocrx_word' id='word_1_123' title='bbox 1017 1713 1059 1774; x_wconf 82' lang='lat' dir='ltr'><strong>ab</strong></span> <span class='ocrx_word' id='word_1_124' title='bbox 1073 1719 1160 1790; x_wconf 72' lang='lat' dir='ltr'><strong>oergo</strong></span> <span class='ocrx_word' id='word_1_125' title='bbox 1174 1728 1212 1775; x_wconf 89' lang='lat' dir='ltr'><strong>se</strong></span> 
     </span>
     <span class='ocr_line' id='line_1_19' title="bbox 234 1796 1211 1873; baseline -0.001 -15"><span class='ocrx_word' id='word_1_126' title='bbox 234 1797 415 1858; x_wconf 84' lang='lat' dir='ltr'><strong>ostendente</strong></span> <span class='ocrx_word' id='word_1_127' title='bbox 434 1796 516 1857; x_wconf 91' lang='lat' dir='ltr'><strong>bello</strong></span> <span class='ocrx_word' id='word_1_128' title='bbox 532 1797 735 1858; x_wconf 71' lang='lat' dir='ltr'><strong>summamus</strong></span> <span class='ocrx_word' id='word_1_129' title='bbox 750 1796 790 1857; x_wconf 90' lang='lat' dir='ltr'><strong>ad</strong></span> <span class='ocrx_word' id='word_1_130' title='bbox 804 1797 979 1858; x_wconf 81' lang='lat' dir='ltr'><strong>interiorum</strong></span> <span class='ocrx_word' id='word_1_131' title='bbox 992 1803 1111 1873; x_wconf 82' lang='lat' dir='ltr'><strong>partem</strong></span> <span class='ocrx_word' id='word_1_132' title='bbox 1121 1797 1211 1873; x_wconf 78' lang='lat' dir='ltr'><strong>regni</strong></span> 
     </span>
     <span class='ocr_line' id='line_1_20' title="bbox 232 1878 1211 1957; baseline -0.002 -15"><span class='ocrx_word' id='word_1_133' title='bbox 232 1881 377 1942; x_wconf 87' lang='lat' dir='ltr'><strong>tuendum</strong></span> <span class='ocrx_word' id='word_1_134' title='bbox 397 1880 515 1940; x_wconf 87' lang='lat' dir='ltr'><strong>nuduua</strong></span> <span class='ocrx_word' id='word_1_135' title='bbox 536 1879 639 1957; x_wconf 85' lang='lat' dir='ltr'><strong>aliqua</strong></span> <span class='ocrx_word' id='word_1_136' title='bbox 653 1887 740 1956; x_wconf 80' lang='lat' dir='ltr'><strong>parte</strong></span> <span class='ocrx_word' id='word_1_137' title='bbox 753 1881 900 1943; x_wconf 84' lang='lat' dir='ltr'><strong>transitus</strong></span> <span class='ocrx_word' id='word_1_138' title='bbox 913 1878 1022 1957; x_wconf 80' lang='lat' dir='ltr'><strong>Enipei</strong></span> <span class='ocrx_word' id='word_1_139' title='bbox 1035 1889 1211 1957; x_wconf 65' lang='lat' dir='ltr'><strong>coeamus.</strong></span> 
     </span>
     <span class='ocr_line' id='line_1_21' title="bbox 232 1963 1212 2042; baseline 0.001 -17"><span class='ocrx_word' id='word_1_140' title='bbox 232 1965 293 2041; x_wconf 91' lang='lat' dir='ltr'><strong>ipsi</strong></span> <span class='ocrx_word' id='word_1_141' title='bbox 308 1970 417 2025; x_wconf 87' lang='lat' dir='ltr'><strong>natura</strong></span> <span class='ocrx_word' id='word_1_142' title='bbox 430 1971 461 2026; x_wconf 88' lang='lat' dir='ltr'><strong>st</strong></span> <span class='ocrx_word' id='word_1_143' title='bbox 475 1964 621 2040; x_wconf 90' lang='lat' dir='ltr'><strong>operibus</strong></span> <span class='ocrx_word' id='word_1_144' title='bbox 637 1964 894 2040; x_wconf 83' lang='lat' dir='ltr'><strong>inexsuperabilis</strong></span> <span class='ocrx_word' id='word_1_145' title='bbox 907 1963 977 2042; x_wconf 88' lang='lat' dir='ltr'><strong>ripa</strong></span> <span class='ocrx_word' id='word_1_146' title='bbox 989 1964 1160 2041; x_wconf 85' lang='lat' dir='ltr'><strong>videbatur,</strong></span> <span class='ocrx_word' id='word_1_147' title='bbox 1181 1971 1212 2026; x_wconf 89' lang='lat' dir='ltr'><strong>et</strong></span> 
     </span>
     <span class='ocr_line' id='line_1_22' title="bbox 232 2046 1210 2126; baseline 0 -16"><span class='ocrx_word' id='word_1_148' title='bbox 232 2055 449 2126; x_wconf 77' lang='lat' dir='ltr'><strong>praeterquam</strong></span> <span class='ocrx_word' id='word_1_149' title='bbox 463 2048 549 2125; x_wconf 89' lang='lat' dir='ltr'><strong>quod</strong></span> <span class='ocrx_word' id='word_1_150' title='bbox 562 2055 713 2109; x_wconf 85' lang='lat' dir='ltr'><strong>tormenta</strong></span> <span class='ocrx_word' id='word_1_151' title='bbox 721 2048 837 2124; x_wconf 85' lang='lat' dir='ltr'><strong>ubique</strong></span> <span class='ocrx_word' id='word_1_152' title='bbox 846 2046 999 2125; x_wconf 84' lang='lat' dir='ltr'><strong>disposita</strong></span> <span class='ocrx_word' id='word_1_153' title='bbox 1008 2055 1124 2124; x_wconf 83' lang='lat' dir='ltr'><strong>essent,</strong></span> <span class='ocrx_word' id='word_1_154' title='bbox 1138 2049 1210 2110; x_wconf 86' lang='lat' dir='ltr'><strong>mis-</strong></span> 
     </span>
     <span class='ocr_line' id='line_1_23' title="bbox 232 2132 1210 2195; baseline 0 -1"><span class='ocrx_word' id='word_1_155' title='bbox 232 2133 340 2195; x_wconf 88' lang='lat' dir='ltr'><strong>silibus</strong></span> <span class='ocrx_word' id='word_1_156' title='bbox 361 2134 451 2194; x_wconf 90' lang='lat' dir='ltr'><strong>etiam</strong></span> <span class='ocrx_word' id='word_1_157' title='bbox 471 2133 579 2193; x_wconf 75' lang='lat' dir='ltr'><strong>rudius</strong></span> <span class='ocrx_word' id='word_1_158' title='bbox 599 2139 631 2193; x_wconf 87' lang='lat' dir='ltr'><strong>et</strong></span> <span class='ocrx_word' id='word_1_159' title='bbox 650 2133 780 2193; x_wconf 77' lang='lat' dir='ltr'><strong>seniora</strong></span> <span class='ocrx_word' id='word_1_160' title='bbox 800 2133 862 2193; x_wconf 86' lang='lat' dir='ltr'><strong>ictu</strong></span> <span class='ocrx_word' id='word_1_161' title='bbox 881 2133 988 2194; x_wconf 89' lang='lat' dir='ltr'><strong>hostes</strong></span> <span class='ocrx_word' id='word_1_162' title='bbox 1003 2132 1047 2195; x_wconf 89' lang='lat' dir='ltr'><strong>uti</strong></span> <span class='ocrx_word' id='word_1_163' title='bbox 1062 2133 1210 2194; x_wconf 86' lang='lat' dir='ltr'><strong>audieret</strong></span> 
     </span>
     <span class='ocr_line' id='line_1_24' title="bbox 233 2214 1210 2294; baseline 0.001 -17"><span class='ocrx_word' id='word_1_164' title='bbox 233 2216 293 2278; x_wconf 89' lang='lat' dir='ltr'><strong>alio</strong></span> <span class='ocrx_word' id='word_1_165' title='bbox 307 2217 467 2293; x_wconf 88' lang='lat' dir='ltr'><strong>spectabat</strong></span> <span class='ocrx_word' id='word_1_166' title='bbox 479 2233 567 2277; x_wconf 89' lang='lat' dir='ltr'><strong>mens</strong></span> <span class='ocrx_word' id='word_1_167' title='bbox 580 2223 645 2279; x_wconf 86' lang='lat' dir='ltr'><strong>tnta</strong></span> <span class='ocrx_word' id='word_1_168' title='bbox 659 2216 763 2288; x_wconf 80' lang='lat' dir='ltr'><strong>ducls3</strong></span> <span class='ocrx_word' id='word_1_169' title='bbox 791 2214 982 2294; x_wconf 88' lang='lat' dir='ltr'><strong>dimissoque</strong></span> <span class='ocrx_word' id='word_1_170' title='bbox 996 2216 1125 2279; x_wconf 89' lang='lat' dir='ltr'><strong>consilio</strong></span> <span class='ocrx_word' id='word_1_171' title='bbox 1138 2216 1210 2278; x_wconf 88' lang='lat' dir='ltr'><strong>Per·</strong></span> 
     </span>
     <span class='ocr_line' id='line_1_25' title="bbox 232 2298 1211 2377; baseline 0.001 -18"><span class='ocrx_word' id='word_1_172' title='bbox 232 2299 366 2362; x_wconf 88' lang='lat' dir='ltr'><strong>rhaebos</strong></span> <span class='ocrx_word' id='word_1_173' title='bbox 377 2307 564 2362; x_wconf 85' lang='lat' dir='ltr'><strong>mercatores</strong></span> <span class='ocrx_word' id='word_1_174' title='bbox 574 2301 712 2363; x_wconf 59' lang='lat' dir='ltr'><strong>menum</strong></span> <span class='ocrx_word' id='word_1_175' title='bbox 722 2306 753 2361; x_wconf 88' lang='lat' dir='ltr'><strong>et</strong></span> <span class='ocrx_word' id='word_1_176' title='bbox 762 2298 980 2377; x_wconf 81' lang='lat' dir='ltr'><strong>Menophilum,</strong></span> <span class='ocrx_word' id='word_1_177' title='bbox 994 2306 1086 2362; x_wconf 72' lang='lat' dir='ltr'><strong>nome</strong></span> <span class='ocrx_word' id='word_1_178' title='bbox 1098 2306 1129 2361; x_wconf 88' lang='lat' dir='ltr'><strong>et</strong></span> <span class='ocrx_word' id='word_1_179' title='bbox 1137 2300 1211 2361; x_wconf 88' lang='lat' dir='ltr'><strong>lidei</strong></span> 
     </span>
     <span class='ocr_line' id='line_1_26' title="bbox 233 2384 1209 2460; baseline 0 -16"><span class='ocrx_word' id='word_1_180' title='bbox 233 2385 294 2446; x_wconf 87' lang='lat' dir='ltr'><strong>iam</strong></span> <span class='ocrx_word' id='word_1_181' title='bbox 315 2385 374 2446; x_wconf 90' lang='lat' dir='ltr'><strong>sibi</strong></span> <span class='ocrx_word' id='word_1_182' title='bbox 395 2390 427 2445; x_wconf 90' lang='lat' dir='ltr'><strong>et</strong></span> <span class='ocrx_word' id='word_1_183' title='bbox 445 2385 626 2458; x_wconf 81' lang='lat' dir='ltr'><strong>prudentiae</strong></span> <span class='ocrx_word' id='word_1_184' title='bbox 645 2384 801 2458; x_wconf 86' lang='lat' dir='ltr'><strong>homines,</strong></span> <span class='ocrx_word' id='word_1_185' title='bbox 823 2384 990 2446; x_wconf 68' lang='lat' dir='ltr'><strong>aremmtos</strong></span> <span class='ocrx_word' id='word_1_186' title='bbox 1005 2390 1126 2446; x_wconf 75' lang='lat' dir='ltr'><strong>secrato</strong></span> <span class='ocrx_word' id='word_1_187' title='bbox 1141 2400 1209 2460; x_wconf 91' lang='lat' dir='ltr'><strong>per-</strong></span> 
     </span>
     <span class='ocr_line' id='line_1_27' title="bbox 233 2466 1210 2541; baseline -0.001 -12"><span class='ocrx_word' id='word_1_188' title='bbox 233 2475 399 2541; x_wconf 87' lang='lat' dir='ltr'><strong>cunctatur,</strong></span> <span class='ocrx_word' id='word_1_189' title='bbox 415 2468 524 2541; x_wconf 86' lang='lat' dir='ltr'><strong>quales</strong></span> <span class='ocrx_word' id='word_1_190' title='bbox 540 2468 579 2526; x_wconf 86' lang='lat' dir='ltr'><strong>ad</strong></span> <span class='ocrx_word' id='word_1_191' title='bbox 589 2466 802 2528; x_wconf 80' lang='lat' dir='ltr'><strong>Perrhaebiam</strong></span> <span class='ocrx_word' id='word_1_192' title='bbox 813 2469 959 2530; x_wconf 85' lang='lat' dir='ltr'><strong>transitus</strong></span> <span class='ocrx_word' id='word_1_193' title='bbox 972 2468 1043 2529; x_wconf 83' lang='lat' dir='ltr'><strong>sint</strong></span> <span class='ocrx_word' id='word_1_194' title='bbox 1061 2482 1131 2528; x_wconf 90' lang='lat' dir='ltr'><strong>cum</strong></span> <span class='ocrx_word' id='word_1_195' title='bbox 1142 2468 1210 2528; x_wconf 91' lang='lat' dir='ltr'><strong>loca</strong></span> 
     </span>
     <span class='ocr_line' id='line_1_28' title="bbox 232 2548 1210 2628; baseline 0.001 -18"><span class='ocrx_word' id='word_1_196' title='bbox 232 2568 295 2612; x_wconf 89' lang='lat' dir='ltr'><strong>non</strong></span> <span class='ocrx_word' id='word_1_197' title='bbox 308 2551 414 2625; x_wconf 88' lang='lat' dir='ltr'><strong>iniqua</strong></span> <span class='ocrx_word' id='word_1_198' title='bbox 426 2562 500 2609; x_wconf 89' lang='lat' dir='ltr'><strong>esse</strong></span> <span class='ocrx_word' id='word_1_199' title='bbox 511 2548 655 2623; x_wconf 73' lang='lat' dir='ltr'><strong>dicerent,</strong></span> <span class='ocrx_word' id='word_1_200' title='bbox 671 2549 836 2625; x_wconf 88' lang='lat' dir='ltr'><strong>praesidiis</strong></span> <span class='ocrx_word' id='word_1_201' title='bbox 847 2561 947 2613; x_wconf 84' lang='lat' dir='ltr'><strong>autem</strong></span> <span class='ocrx_word' id='word_1_202' title='bbox 957 2551 1052 2628; x_wconf 72' lang='lat' dir='ltr'><strong>regiis</strong></span> <span class='ocrx_word' id='word_1_203' title='bbox 1062 2550 1210 2626; x_wconf 81' lang='lat' dir='ltr'><strong>obsideri,</strong></span> 
     </span>
     <span class='ocr_line' id='line_1_29' title="bbox 232 2630 1209 2711; baseline 0.004 -19"><span class='ocrx_word' id='word_1_204' title='bbox 232 2649 320 2709; x_wconf 89' lang='lat' dir='ltr'><strong>spem</strong></span> <span class='ocrx_word' id='word_1_205' title='bbox 340 2630 436 2708; x_wconf 87' lang='lat' dir='ltr'><strong>ceplt,</strong></span> <span class='ocrx_word' id='word_1_206' title='bbox 462 2631 490 2691; x_wconf 92' lang='lat' dir='ltr'><strong>si</strong></span> <span class='ocrx_word' id='word_1_207' title='bbox 509 2638 600 2693; x_wconf 90' lang='lat' dir='ltr'><strong>noete</strong></span> <span class='ocrx_word' id='word_1_208' title='bbox 618 2632 787 2707; x_wconf 83' lang='lat' dir='ltr'><strong>improviso</strong></span> <span class='ocrx_word' id='word_1_209' title='bbox 807 2635 911 2697; x_wconf 88' lang='lat' dir='ltr'><strong>valida</strong></span> <span class='ocrx_word' id='word_1_210' title='bbox 927 2651 1020 2696; x_wconf 83' lang='lat' dir='ltr'><strong>manu</strong></span> <span class='ocrx_word' id='word_1_211' title='bbox 1039 2635 1209 2711; x_wconf 65' lang='lat' dir='ltr'><strong>aderamus</strong></span> 
     </span>
     <span class='ocr_line' id='line_1_30' title="bbox 231 2712 1207 2795; baseline 0 -18"><span class='ocrx_word' id='word_1_212' title='bbox 231 2712 452 2791; x_wconf 79' lang='lat' dir='ltr'><strong>necopinantes</strong></span> <span class='ocrx_word' id='word_1_213' title='bbox 473 2721 571 2789; x_wconf 89' lang='lat' dir='ltr'><strong>esset,</strong></span> <span class='ocrx_word' id='word_1_214' title='bbox 592 2714 672 2776; x_wconf 86' lang='lat' dir='ltr'><strong>deici</strong></span> <span class='ocrx_word' id='word_1_215' title='bbox 693 2717 849 2793; x_wconf 87' lang='lat' dir='ltr'><strong>praesidia</strong></span> <span class='ocrx_word' id='word_1_216' title='bbox 869 2734 982 2795; x_wconf 66' lang='lat' dir='ltr'><strong>posses</strong></span> <span class='ocrx_word' id='word_1_217' title='bbox 1000 2718 1105 2779; x_wconf 80' lang='lat' dir='ltr'><strong>issula</strong></span> <span class='ocrx_word' id='word_1_218' title='bbox 1125 2719 1207 2779; x_wconf 90' lang='lat' dir='ltr'><strong>enim</strong></span> 
     </span>
     <span class='ocr_line' id='line_1_31' title="bbox 232 2799 1210 2879; baseline 0.001 -19"><span class='ocrx_word' id='word_1_219' title='bbox 232 2807 263 2861; x_wconf 88' lang='lat' dir='ltr'><strong>et</strong></span> <span class='ocrx_word' id='word_1_220' title='bbox 277 2799 405 2875; x_wconf 70' lang='lat' dir='ltr'><strong>sagittas</strong></span> <span class='ocrx_word' id='word_1_221' title='bbox 419 2805 450 2860; x_wconf 89' lang='lat' dir='ltr'><strong>et</strong></span> <span class='ocrx_word' id='word_1_222' title='bbox 464 2806 566 2861; x_wconf 90' lang='lat' dir='ltr'><strong>cetera</strong></span> <span class='ocrx_word' id='word_1_223' title='bbox 578 2799 750 2862; x_wconf 80' lang='lat' dir='ltr'><strong>missilium</strong></span> <span class='ocrx_word' id='word_1_224' title='bbox 763 2802 913 2877; x_wconf 86' lang='lat' dir='ltr'><strong>tenebris,</strong></span> <span class='ocrx_word' id='word_1_225' title='bbox 932 2801 988 2864; x_wconf 88' lang='lat' dir='ltr'><strong>ubi</strong></span> <span class='ocrx_word' id='word_1_226' title='bbox 1002 2801 1077 2879; x_wconf 84' lang='lat' dir='ltr'><strong>quid</strong></span> <span class='ocrx_word' id='word_1_227' title='bbox 1090 2807 1210 2878; x_wconf 86' lang='lat' dir='ltr'><strong>petatur</strong></span> 
     </span>
     <span class='ocr_line' id='line_1_32' title="bbox 231 2882 1209 2962; baseline 0.002 -19"><span class='ocrx_word' id='word_1_228' title='bbox 231 2884 339 2959; x_wconf 88' lang='lat' dir='ltr'><strong>procul</strong></span> <span class='ocrx_word' id='word_1_229' title='bbox 353 2882 508 2959; x_wconf 88' lang='lat' dir='ltr'><strong>provideri</strong></span> <span class='ocrx_word' id='word_1_230' title='bbox 522 2891 665 2961; x_wconf 72' lang='lat' dir='ltr'><strong>nequeat</strong></span> <span class='ocrx_word' id='word_1_231' title='bbox 679 2885 795 2947; x_wconf 81' lang='lat' dir='ltr'><strong>inaulia</strong></span> <span class='ocrx_word' id='word_1_232' title='bbox 808 2900 898 2957; x_wconf 82' lang='lat' dir='ltr'><strong>sssc;</strong></span> <span class='ocrx_word' id='word_1_233' title='bbox 920 2884 1023 2962; x_wconf 79' lang='lat' dir='ltr'><strong>gladio</strong></span> <span class='ocrx_word' id='word_1_234' title='bbox 1037 2885 1209 2946; x_wconf 80' lang='lat' dir='ltr'><strong>conminus</strong></span> 
     </span>
     <span class='ocr_line' id='line_1_33' title="bbox 231 2966 1208 3046; baseline 0.002 -19"><span class='ocrx_word' id='word_1_235' title='bbox 231 2966 296 3042; x_wconf 78' lang='lat' dir='ltr'><strong>geri</strong></span> <span class='ocrx_word' id='word_1_236' title='bbox 316 2983 380 3028; x_wconf 87' lang='lat' dir='ltr'><strong>rem</strong></span> <span class='ocrx_word' id='word_1_237' title='bbox 395 2968 426 3028; x_wconf 89' lang='lat' dir='ltr'><strong>in</strong></span> <span class='ocrx_word' id='word_1_238' title='bbox 441 2966 592 3044; x_wconf 87' lang='lat' dir='ltr'><strong>permixta</strong></span> <span class='ocrx_word' id='word_1_239' title='bbox 604 2970 710 3044; x_wconf 88' lang='lat' dir='ltr'><strong>turba,</strong></span> <span class='ocrx_word' id='word_1_240' title='bbox 732 2986 794 3046; x_wconf 88' lang='lat' dir='ltr'><strong>quo</strong></span> <span class='ocrx_word' id='word_1_241' title='bbox 814 2969 902 3031; x_wconf 89' lang='lat' dir='ltr'><strong>miles</strong></span> <span class='ocrx_word' id='word_1_242' title='bbox 922 2971 1080 3032; x_wconf 87' lang='lat' dir='ltr'><strong>Romanus</strong></span> <span class='ocrx_word' id='word_1_243' title='bbox 1096 2967 1208 3029; x_wconf 86' lang='lat' dir='ltr'><strong>vincat</strong></span> 
     </span>
     <span class='ocr_line' id='line_1_34' title="bbox 230 3050 1208 3129; baseline 0.002 -18"><span class='ocrx_word' id='word_1_244' title='bbox 230 3050 279 3111; x_wconf 87' lang='lat' dir='ltr'><strong>his</strong></span> <span class='ocrx_word' id='word_1_245' title='bbox 299 3051 431 3112; x_wconf 91' lang='lat' dir='ltr'><strong>ducibus</strong></span> <span class='ocrx_word' id='word_1_246' title='bbox 444 3068 574 3126; x_wconf 86' lang='lat' dir='ltr'><strong>usurus,</strong></span> <span class='ocrx_word' id='word_1_247' title='bbox 595 3059 768 3129; x_wconf 80' lang='lat' dir='ltr'><strong>praetorem</strong></span> <span class='ocrx_word' id='word_1_248' title='bbox 788 3052 946 3115; x_wconf 84' lang='lat' dir='ltr'><strong>Octavium</strong></span> <span class='ocrx_word' id='word_1_249' title='bbox 960 3052 1141 3114; x_wconf 75' lang='lat' dir='ltr'><strong>meessitunr</strong></span> <span class='ocrx_word' id='word_1_250' title='bbox 1155 3067 1208 3113; x_wconf 81' lang='lat' dir='ltr'><strong>sx-</strong></span> 
     </span>
    </p>
   </div>
   <div class='ocr_carea' id='block_1_3' title="bbox 231 3134 1320 3213">
    <p class='ocr_par' dir='ltr' id='par_1_4' title="bbox 231 3134 1320 3213">
     <span class='ocr_line' id='line_1_35' title="bbox 231 3134 1320 3213; baseline 0.004 -18"><span class='ocrx_word' id='word_1_251' title='bbox 231 3135 343 3211; x_wconf 89' lang='lat' dir='ltr'><strong>pnsito,</strong></span> <span class='ocrx_word' id='word_1_252' title='bbox 359 3134 433 3211; x_wconf 91' lang='lat' dir='ltr'><strong>quid</strong></span> <span class='ocrx_word' id='word_1_253' title='bbox 448 3143 580 3210; x_wconf 75' lang='lat' dir='ltr'><strong>pararet,</strong></span> <span class='ocrx_word' id='word_1_254' title='bbox 601 3137 783 3198; x_wconf 88' lang='lat' dir='ltr'><strong>Heracleum</strong></span> <span class='ocrx_word' id='word_1_255' title='bbox 797 3152 867 3199; x_wconf 90' lang='lat' dir='ltr'><strong>cum</strong></span> <span class='ocrx_word' id='word_1_256' title='bbox 881 3139 983 3199; x_wconf 85' lang='lat' dir='ltr'><strong>classe</strong></span> <span class='ocrx_word' id='word_1_257' title='bbox 996 3143 1104 3213; x_wconf 86' lang='lat' dir='ltr'><strong>petere</strong></span> <span class='ocrx_word' id='word_1_258' title='bbox 1117 3136 1209 3209; x_wconf 84' lang='lat' dir='ltr'><strong>iubet.</strong></span> <span class='ocrx_word' id='word_1_259' title='bbox 1311 3150 1320 3167; x_wconf 77' lang='grc'><strong>“</strong></span> 
     </span>
    </p>
   </div>
   <div class='ocr_carea' id='block_1_4' title="bbox 230 3215 1210 3379">
    <p class='ocr_par' dir='ltr' id='par_1_5' title="bbox 230 3215 1210 3379">
     <span class='ocr_line' id='line_1_36' title="bbox 230 3215 1210 3283; baseline 0.001 -4"><span class='ocrx_word' id='word_1_260' title='bbox 230 3225 262 3280; x_wconf 88' lang='lat' dir='ltr'><strong>et</strong></span> <span class='ocrx_word' id='word_1_261' title='bbox 281 3215 364 3279; x_wconf 87' lang='lat' dir='ltr'><strong>mille</strong></span> <span class='ocrx_word' id='word_1_262' title='bbox 382 3217 557 3281; x_wconf 87' lang='lat' dir='ltr'><strong>hominibus</strong></span> <span class='ocrx_word' id='word_1_263' title='bbox 578 3220 824 3282; x_wconf 85' lang='lat' dir='ltr'><strong>decemdlarum</strong></span> <span class='ocrx_word' id='word_1_264' title='bbox 844 3229 934 3283; x_wconf 85' lang='lat' dir='ltr'><strong>cocta</strong></span> <span class='ocrx_word' id='word_1_265' title='bbox 953 3218 1071 3282; x_wconf 72' lang='lat' dir='ltr'><strong>abana</strong></span> <span class='ocrx_word' id='word_1_266' title='bbox 1083 3219 1210 3281; x_wconf 82' lang='lat' dir='ltr'><strong>habere.</strong></span> 
     </span>
     <span class='ocr_line' id='line_1_37' title="bbox 231 3300 1209 3379; baseline 0.001 -16"><span class='ocrx_word' id='word_1_267' title='bbox 231 3303 301 3379; x_wconf 87' lang='lat' dir='ltr'><strong>ipse</strong></span> <span class='ocrx_word' id='word_1_268' title='bbox 319 3302 352 3362; x_wconf 88' lang='lat' dir='ltr'><strong>P.</strong></span> <span class='ocrx_word' id='word_1_269' title='bbox 374 3300 551 3378; x_wconf 87' lang='lat' dir='ltr'><strong>Scipionem</strong></span> <span class='ocrx_word' id='word_1_270' title='bbox 570 3303 713 3364; x_wconf 84' lang='lat' dir='ltr'><strong>Nasicam</strong></span> <span class='ocrx_word' id='word_1_271' title='bbox 733 3303 767 3378; x_wconf 80' lang='lat' dir='ltr'><strong>Q.</strong></span> <span class='ocrx_word' id='word_1_272' title='bbox 786 3304 914 3366; x_wconf 85' lang='lat' dir='ltr'><strong>Fabium</strong></span> <span class='ocrx_word' id='word_1_273' title='bbox 926 3304 1092 3365; x_wconf 77' lang='lat' dir='ltr'><strong>Maximum</strong></span> <span class='ocrx_word' id='word_1_274' title='bbox 1112 3301 1209 3364; x_wconf 86' lang='lat' dir='ltr'><strong>lilium</strong></span> 
     </span>
    </p>
   </div>
   <div class='ocr_carea' id='block_1_5' title="bbox 232 3385 1319 3463">
    <p class='ocr_par' dir='ltr' id='par_1_6' title="bbox 232 3385 1319 3463">
     <span class='ocr_line' id='line_1_38' title="bbox 232 3385 1319 3463; baseline -0.004 -15"><span class='ocrx_word' id='word_1_275' title='bbox 232 3385 1007 3463; x_wconf 85' lang='lat' dir='ltr'><strong>suumcumquinquedelectismilibuslleraclemn</strong></span> <span class='ocrx_word' id='word_1_276' title='bbox 1016 3386 1211 3463; x_wconf 74' lang='lat' dir='ltr'><strong>mlttitvelut</strong></span> <span class='ocrx_word' id='word_1_277' title='bbox 1318 3416 1319 3433; x_wconf 48' lang='grc' dir='ltr'>ι</span> 
     </span>
    </p>
   </div>
   <div class='ocr_carea' id='block_1_6' title="bbox 232 3469 1207 3533">
    <p class='ocr_par' dir='ltr' id='par_1_7' title="bbox 232 3469 1207 3533">
     <span class='ocr_line' id='line_1_39' title="bbox 232 3469 1207 3533; baseline 0 -4"><span class='ocrx_word' id='word_1_278' title='bbox 232 3471 365 3533; x_wconf 81' lang='lat' dir='ltr'><strong>classem</strong></span> <span class='ocrx_word' id='word_1_279' title='bbox 385 3483 612 3532; x_wconf 90' lang='lat' dir='ltr'><strong>conscensuros</strong></span> <span class='ocrx_word' id='word_1_280' title='bbox 631 3469 673 3529; x_wconf 89' lang='lat' dir='ltr'><strong>ad</strong></span> <span class='ocrx_word' id='word_1_281' title='bbox 686 3470 864 3531; x_wconf 87' lang='lat' dir='ltr'><strong>maritimum</strong></span> <span class='ocrx_word' id='word_1_282' title='bbox 878 3487 963 3532; x_wconf 84' lang='lat' dir='ltr'><strong>oram</strong></span> <span class='ocrx_word' id='word_1_283' title='bbox 977 3470 1131 3532; x_wconf 84' lang='lat' dir='ltr'><strong>interioris</strong></span> <span class='ocrx_word' id='word_1_284' title='bbox 1145 3469 1207 3529; x_wconf 87' lang='lat' dir='ltr'><strong>Ma-</strong></span> 
     </span>
    </p>
   </div>
   <div class='ocr_carea' id='block_1_7' title="bbox 0 0 1326 4017">
    <p class='ocr_par' dir='ltr' id='par_1_8' title="bbox 0 0 1326 4017">
     <span class='ocr_line' id='line_1_40' title="bbox 0 0 1326 4017; baseline 0 0"><span class='ocrx_word' id='word_1_285' title='bbox 0 0 1326 4017; x_wconf 95' lang='lat' dir='ltr'><strong> </strong></span> 
     </span>
    </p>
   </div>
  </div>
 </body>
</html>
