2642 4017
200 215 221 278 a
353 212 469 273 ureae
482 210 613 271 mcxix.
637 210 720 270 ene.
735 218 800 271 aa.
823 209 859 285 [a.
873 209 1019 284 nasas]

201 377 286 443 legra
306 366 336 424 in
357 364 522 424 adventum
543 377 632 423 suum
652 368 835 421 servaretur.
871 360 1008 421 Fulvium
1031 362 1187 434 temporis

200 453 346 512 iacturam
365 448 481 507 lacere=
510 452 649 506 sananim
670 444 760 506 etiam
773 450 937 521 praesente
952 444 1080 504 consule
1096 442 1187 517 quod

200 535 292 595 vellat
305 532 506 594 decreturum.
533 528 574 587 Μ.
588 526 729 601 Fulvius,
745 529 772 588 si
786 536 840 588 aut
853 525 991 587 simultas
1004 526 1045 585 Μ.
1060 525 1187 585 Aemilii

201 633 307 678 secum
320 613 425 689 ignota
438 611 613 673 hominibus
627 619 719 683 esset,
736 619 788 672 aut
801 627 893 687 quam
904 611 932 671 is
943 625 997 671 aas
1010 608 1188 669 inimicitias

202 697 410 777 impotentiae
425 710 524 773 prope
537 695 623 770 regia
635 691 682 754 ira
696 700 868 768 exerceret,
889 701 990 755 tamen
1007 709 1071 754 non
1085 692 1188 752 luisse

202 783 363 846 terendum
376 780 534 842 absentem
548 780 707 840 consulem
721 782 752 837 et
765 777 893 838 deorum
903 776 1117 838 immortalium
1127 776 1188 835 ho-

203 866 273 928 nori
293 865 418 926 obstare
437 869 468 924 et
480 862 619 923 meritum
640 860 836 935 debitumque
855 861 1041 936 triumphum
1060 860 1187 934 morari,

204 952 416 1026 imperatorem
436 946 529 1007 rebus
545 944 668 1020 egregie
681 943 778 1018 gestis
792 944 1003 1019 victoremque
1016 944 1188 1004 exercitum

205 1049 273 1095 cum
294 1031 410 1107 praeda
430 1028 611 1104 acceptivis
626 1034 698 1087 ante
712 1036 817 1103 portas
832 1034 930 1103 stare,
950 1028 1049 1088 donec
1063 1027 1188 1089 consuli

205 1117 246 1178 ob
258 1116 319 1175 hoc
330 1115 432 1189 ipsum
442 1113 572 1173 moranti
583 1112 685 1172 redire
695 1111 824 1172 Romam
835 1111 950 1172 libitum
962 1119 1055 1172 esset.
1077 1126 1189 1171 verum

205 1200 360 1261 enimvero
381 1212 451 1257 cum
471 1195 532 1256 sint
551 1193 762 1257 nobilissimae
782 1193 842 1255 sibi
863 1210 933 1255 cum
947 1196 1075 1256 consule
1088 1194 1189 1255 inimi·

206 1284 303 1356 citios,
319 1279 394 1356 quid
408 1280 448 1340 ab
462 1294 500 1339 eo
517 1294 700 1355 quemquam
715 1294 812 1353 posse
824 1278 914 1354 aequi
924 1286 1117 1354 exspectare,
1133 1279 1188 1354 qni

206 1382 261 1443 per
285 1362 519 1439 infrequentiam
541 1361 644 1423 lurtim
669 1368 794 1423 seuaurs
817 1363 989 1424 consultum
1015 1362 1125 1422 lactum
1147 1361 1189 1421 ad

206 1449 355 1510 aerarium
369 1446 518 1521 cauteria,
531 1446 726 1508 Ambraciam
736 1462 799 1506 non
809 1445 908 1507 videri
917 1447 949 1505 vi
959 1451 1089 1522 captam,
1107 1460 1189 1519 quae

142 1555 144 1560 ·
207 1547 319 1609 aggere
332 1546 370 1591 ac
383 1530 481 1592 vineis
497 1537 675 1606 oppugnata
688 1529 736 1603 sit,
751 1530 803 1591 ubi
817 1528 952 1590 incensis
967 1529 1114 1604 operibns
1128 1527 1190 1587 alia

208 1617 247 1677 de
267 1616 385 1690 integro
407 1614 487 1674 lacta
508 1613 582 1686 sint,
604 1612 656 1674 ubi
677 1613 759 1673 circa
779 1629 882 1674 muros
904 1629 1000 1689 supra
1020 1611 1190 1687 subterque

207 1707 320 1760 terram
340 1713 396 1773 per
417 1697 485 1758 dies
505 1698 680 1772 quindecim
694 1704 878 1771 pugnatum,
898 1696 951 1757 ubi
965 1713 984 1757 a
999 1694 1097 1772 prima
1111 1697 1189 1770 luce,

208 1799 276 1843 cum
296 1782 356 1842 iam
376 1781 619 1841 transcendisset
638 1796 744 1841 muros
764 1780 867 1852 miles,
888 1795 989 1854 usque
1010 1780 1190 1840 adnectam

209 1868 261 1927 (liu
275 1881 393 1941 anceps
408 1863 559 1940 proelium
573 1863 717 1936 tenuerit,
737 1861 788 1924 ubi
804 1864 874 1939 plus
887 1862 946 1923 tria
959 1861 1043 1923 milia
1055 1863 1190 1923 hostium

210 1950 270 2011 sint
289 1965 391 2010 caesa.
416 1949 476 2010 iam
490 1948 530 2008 de
545 1947 674 2008 deorum
687 1946 898 2007 immortalium
912 1947 1035 2023 templis
1050 1946 1189 2023 spoliatis

209 2033 239 2093 in
262 2040 352 2107 capta
373 2030 448 2090 urbe
469 2032 593 2105 qualem
611 2028 793 2090 calumniam
813 2029 853 2089 ad
867 2031 1032 2105 pontifices
1044 2030 1190 2091 samarita

211 2115 272 2175 nisi
284 2114 509 2192 Syracusarum
529 2117 761 2185 ceterarumque
784 2121 940 2184 capturam
961 2113 1124 2176 civitatium
1142 2129 1189 2173 or-

211 2197 362 2258 namentis
376 2195 484 2258 urbem
499 2194 641 2255 exornari
656 2193 823 2268 resinent,
843 2196 874 2257 in
891 2196 1085 2258 Ambraciam
1099 2213 1191 2257 unam

212 2288 332 2356 captam
347 2294 408 2339 non
423 2275 553 2342 valuerit
567 2276 641 2340 betti
652 2278 711 2339 ius.
733 2286 765 2340 et
778 2286 882 2354 patres
897 2282 1091 2357 conscriptos
1104 2295 1191 2342 orare

212 2373 242 2425 et
256 2363 294 2424 ab
308 2361 430 2424 tribuno
445 2369 565 2438 petere,
584 2378 624 2424 ne
636 2377 673 2424 se
687 2361 909 2438 superbissimo
919 2360 1046 2425 inimico
1062 2364 1190 2426 ludibrio

212 2463 284 2509 esse
305 2448 414 2507 sinaut.
443 2446 482 2505 V.
502 2446 639 2522 undique
660 2462 768 2508 omnes
789 2445 840 2507 olli
855 2448 1016 2522 deprecari
1029 2448 1190 2520 tribunum,

215 2532 264 2590 alii
280 2530 439 2604 castigare.
461 2529 504 2589 Ti.
517 2528 646 2590 Gracchi
656 2531 794 2604 collegae
805 2530 967 2606 plurimum
980 2532 1077 2593 oratio
1088 2531 1190 2592 movit.

213 2630 252 2673 ne
267 2629 341 2672 suas
363 2613 486 2688 quidem
507 2613 677 2674 simultates
692 2629 749 2688 pro
764 2612 944 2689 magistratu
958 2630 1106 2676 exercere
1119 2612 1191 2674 boni

213 2696 347 2771 exempli
358 2710 446 2756 esset
460 2696 712 2757 alienarumvero
724 2697 919 2759 simultatium
930 2698 1082 2761 tribunum
1094 2698 1190 2773 plebis

215 2780 402 2856 cognitorem
422 2779 489 2839 lieri
503 2777 594 2857 turpe
608 2786 639 2840 et
652 2780 811 2856 indignum
825 2782 947 2857 collegii
960 2782 1027 2844 eius
1043 2788 1191 2857 potestate

214 2871 244 2925 et
259 2864 387 2925 sacratis
402 2863 521 2937 legibus
536 2879 617 2926 esso.
640 2880 698 2925 suo
715 2880 869 2941 quemque
882 2863 997 2927 iudicio
1011 2872 1043 2926 at
1054 2863 1190 2925 homines

215 2946 322 3009 odisse
342 2954 394 3007 aut
414 2946 541 3021 diligere
558 2954 588 3008 et
600 2962 652 3007 res
668 2948 801 3022 probare
815 2956 868 3011 aut
882 2949 1056 3026 improbare
1071 2948 1190 3022 debere,

216 3047 276 3091 aon
291 3031 427 3106 pendere
441 3046 480 3090 ex
495 3032 620 3092 alterius
633 3033 719 3092 vultu
730 3047 766 3092 ac
778 3039 853 3095 nutu
864 3048 921 3094 nec
931 3032 1023 3094 aliem
1034 3030 1191 3093 momentis

216 3114 306 3174 animi
331 3113 512 3189 circumagi,
540 3112 784 3190 adstipularique
804 3117 881 3177 irato
901 3117 1022 3178 consuli
1042 3116 1191 3177 tribunum

216 3197 331 3273 plebem
353 3205 384 3256 et
405 3196 478 3272 quid
496 3197 636 3273 privatim
650 3198 691 3257 Μ.
706 3198 854 3260 Aemilius
868 3199 1073 3274 mandaverit,
1092 3199 1191 3260 memi-

216 3280 316 3354 nisse,
337 3279 520 3341 tribunatum
538 3278 598 3341 sibi
610 3295 629 3339 a
643 3282 761 3356 populo
775 3283 915 3345 Romano
930 3284 1106 3345 mandatum
1121 3279 1191 3343 obli·

216 3364 309 3438 visci,
331 3371 361 3424 et
380 3364 554 3425 mandatum
576 3379 632 3439 pro
653 3362 767 3426 auxilio
788 3381 825 3425 ac
847 3365 985 3430 libertme
1000 3369 1191 3444 privatorum,

217 3465 277 3509 non
300 3465 356 3527 pro
378 3446 533 3508 consulari
552 3462 657 3525 regno.
691 3464 730 3510 ne
751 3449 811 3509 lroc
832 3450 956 3525 quidem
977 3466 1104 3512 cernere
1118 3464 1192 3520 eum
