2642 4017
263 233 305 298 aa
421 232 539 294 traua
553 231 613 292 xi.
636 229 711 292 car
735 238 890 294 sacam
911 229 947 288 a.
961 232 1106 309 uasa]

264 387 328 448 lixa
348 391 404 446 est
436 382 560 458 „duello
581 397 692 458 magno
710 380 897 456 dirimendo,
917 379 1042 457 regibus
1057 381 1253 458 subigendis,

265 476 358 546 capnt
378 467 546 543 patrandae
566 463 653 542 pacis
667 466 746 527 haec
760 481 865 542 pugna
877 465 1001 527 exeunti
1015 466 1048 527 L.
1063 464 1194 527 Aemilio
1210 465 1254 525 M.

264 550 387 614 Aemilii
407 550 470 612 filio
484 548 517 586 **
531 549 671 625 auspicio
692 550 821 625 imperio
842 549 984 611 felicitate
1005 550 1162 626 ductuque
1183 549 1255 613 eius

265 637 344 697 inter
362 634 520 710 Ephesum
542 633 667 695 Samum
688 632 858 709 Chiumque
881 632 1075 710 inspectante
1100 649 1156 695 eos
1181 634 1255 711 ipso

264 718 434 793 Antiocho,
456 719 593 780 exercitu
608 717 705 791 omni,
727 716 865 792 equitatu
879 715 1123 794 elephantisque,
1139 718 1254 780 classis

266 804 348 881 regis
362 802 506 864 Antiochi
526 807 616 862 anoea
632 801 679 862 sic
694 802 774 863 victa
788 800 857 862 lirsa
871 809 1000 864 contusa
1014 803 1179 878 rugamque
1194 808 1254 876 est,

265 889 370 965 ibique
395 902 434 948 eo
455 884 505 946 die
525 901 621 946 naves
642 887 753 961 longae
773 900 843 945 cum
863 885 1005 947 omnibus
1026 885 1121 948 sociis
1142 892 1254 961 captae

267 969 469 1048 quadraginta
489 970 579 1030 duae.
610 984 649 1030 ea
669 986 774 1046 pugna
794 977 929 1044 pugnata
948 986 1005 1030 rex
1018 968 1191 1032 Antiochus
1205 985 1250 1029 re-

265 1069 422 1131 gnumque
434 1051 467 1091 **
479 1053 546 1114 eius
566 1054 612 1114 rei
631 1069 706 1128 ergo
727 1054 835 1114 aedem
849 1053 978 1115 Laribus
993 1051 1178 1130 permarinis
1195 1070 1250 1115 vo·

266 1139 340 1199 vit.“
372 1136 483 1199 eodem
508 1138 652 1212 exemplo
675 1138 778 1199 tabula
799 1138 828 1197 in
851 1139 929 1198 aede
946 1138 1028 1200 iovis
1049 1138 1080 1198 in
1102 1137 1261 1214 capitolio,

267 1237 364 1299 supra
378 1222 485 1281 valvas
502 1220 565 1282 lixa
579 1229 636 1282 est

350 1305 425 1366 Llll.
446 1304 556 1376 Biduo,
573 1322 636 1381 quo
651 1313 792 1366 senatum
805 1306 945 1381 legerunt
958 1320 1116 1381 censores,
1132 1305 1165 1381 Q.
1181 1304 1252 1367 Ful·

267 1389 336 1452 vius
357 1390 466 1452 consul
489 1390 646 1465 proiectus
659 1387 692 1450 in
705 1388 848 1464 Ligures,
871 1405 926 1466 per
939 1389 1039 1452 invios
1054 1396 1173 1451 montes
1188 1391 1251 1450 vai·

268 1477 376 1551 lesque
396 1475 494 1536 saltus
516 1489 585 1535 curn
606 1471 744 1534 exercitu
762 1480 992 1548 transgressus,
1014 1472 1111 1548 signis
1133 1473 1252 1534 collatis

268 1576 338 1619 cnm
352 1559 441 1620 hoste
457 1557 619 1632 pugnavit,
641 1572 744 1633 neque
758 1562 874 1618 tanturn
891 1557 957 1618 acie
972 1557 1057 1630 vicit,
1079 1557 1135 1618 sed
1151 1564 1253 1618 castra

269 1658 393 1718 quoque
405 1640 515 1702 ecdem
527 1641 577 1701 die
588 1639 678 1717 cepit.
701 1641 759 1703 tria
769 1641 850 1702 milia
859 1641 981 1702 ducenti
992 1640 1127 1703 hostium
1138 1641 1249 1703 omnis·

269 1741 329 1801 que
344 1742 381 1788 ea
395 1725 481 1800 regio
492 1723 637 1800 Ligurum
652 1726 682 1785 in
695 1724 881 1787 deditionem
893 1726 984 1786 venit
1008 1726 1117 1787 consul
1129 1724 1251 1786 deditos

267 1809 298 1869 in
314 1814 504 1886 campestres
525 1823 617 1884 agros
632 1809 774 1884 deduxit,
796 1809 1013 1886 praesidiaque
1028 1808 1182 1870 montibus
1198 1810 1249 1869 im-

269 1894 379 1969 posuit.
407 1893 545 1953 celeriter
560 1892 593 1932 **
610 1899 694 1954 etex
709 1892 870 1969 provincia
885 1894 1002 1954 litterae
1015 1893 1144 1954 Romam
1159 1908 1249 1954 vene

267 1985 353 2038 runt<
376 1977 619 2054 supplicationes
641 1977 682 2038 ob
697 1993 751 2037 eas
766 1993 817 2038 res
831 1987 936 2052 gestas
951 1977 981 2038 in
996 1976 1130 2039 triduum
1145 1977 1247 2038 decre

268 2070 317 2124 tae
338 2069 425 2132 sunt;
457 2068 616 2136 praetores
642 2061 845 2136 quadraginta
869 2060 978 2122 hostiis
1004 2061 1171 2124 maioribus
1196 2076 1252 2137 per

267 2145 508 2223 supplicationes
529 2159 593 2205 rem
613 2144 747 2204 divinam
768 2145 913 2206 iecermrt.
947 2145 986 2206 ab
1006 2146 1101 2206 altero
1124 2145 1251 2207 consule

265 2230 300 2290 L.
314 2229 428 2290 Manlio
444 2227 517 2289 nihil
531 2227 678 2289 memoria
693 2226 816 2304 dignum
831 2228 862 2289 in
877 2227 1039 2304 Liguribus
1055 2236 1104 2290 est
1118 2236 1249 2305 gestum.

267 2313 345 2375 Galli
364 2311 569 2387 Transalpini,
590 2310 648 2372 tria
668 2310 750 2371 rnilia
768 2311 938 2386 hominum,
964 2313 995 2373 in
1015 2310 1130 2374 ltaliam
1152 2320 1248 2374 trans-

267 2397 382 2473 gressi,
403 2396 555 2457 neminem
571 2394 651 2455 bello
667 2395 856 2458 lacessentes
871 2412 977 2472 agrurn
992 2412 1011 2457 a
1025 2397 1205 2458 consulibus
1220 2402 1252 2456 el

269 2489 379 2542 senatu
405 2477 563 2555 petebant,
590 2484 624 2539 ut
643 2476 744 2554 pacati
769 2480 827 2541 sub
848 2479 976 2556 imperio
997 2481 1104 2556 populi
1122 2478 1251 2542 Romani

268 2570 381 2624 esseut.
409 2577 466 2622 eos
480 2566 606 2622 senatus
621 2562 773 2624 excedere
786 2563 871 2624 ltalia
884 2564 983 2640 iussit,
998 2571 1029 2625 el
1042 2565 1200 2625 consulem
1215 2564 1250 2638 Q.

266 2644 406 2707 Fulvium
421 2659 570 2721 quaerere
585 2653 615 2707 et
628 2644 871 2709 animadvertere
885 2648 915 2708 in
931 2662 1002 2723 eos,
1028 2648 1081 2724 qui
1096 2648 1250 2725 principes

266 2738 297 2790 et
312 2737 455 2791 auctores
470 2730 707 2791 transcendendi
722 2731 818 2807 Alpes
834 2730 974 2793 inissent.
1141 2724 1146 2735 '

352 2813 429 2873 LIV.
450 2812 568 2875 Eodem
584 2830 666 2876 anno
681 2813 838 2891 Philippus
852 2830 908 2876 rex
921 2813 1141 2890 Macedonum,
1163 2813 1249 2876 senio

264 2904 298 2958 et
311 2914 449 2960 maerore
461 2905 661 2974 consumptus
677 2906 886 2974 postmortem
897 2898 959 2974 lilii,
975 2897 1119 2960 decessit.
1142 2899 1248 2960 Deme·

266 2981 363 3042 triade
382 2982 577 3057 hibernabat,
599 2998 669 3044 cum
683 2983 838 3044 desiderio
853 2984 963 3044 anxius
977 2982 1045 3055 lilii,
1066 2989 1130 3044 turn
1145 2982 1248 3059 paeni·

267 3065 359 3126 tentia
380 3066 566 3128 crudelitatis
588 3082 664 3129 suae
678 3065 896 3143 saeuitiaeque.
929 3067 1105 3128 stimulabat
1118 3067 1249 3128 animum

267 3156 297 3210 et
316 3151 392 3211 alter
412 3150 492 3211 iilius
514 3149 596 3212 haud
616 3151 709 3211 dubie
723 3157 754 3211 et
768 3167 826 3212 sua
840 3158 870 3212 el
882 3150 1012 3214 aliorum
1025 3150 1170 3227 opinione
1184 3165 1248 3223 rex,

268 3231 473 3308 conversique
494 3234 524 3293 in
546 3249 615 3295 eum
636 3235 770 3295 omnium
787 3235 883 3308 oculi,
904 3243 934 3296 et
948 3234 1091 3296 destituta
1105 3240 1248 3296 senectus

267 3315 335 3378 aliis
352 3317 603 3392 exspectantibus
617 3333 707 3379 suam
718 3326 855 3392 mortem,
870 3317 937 3380 aliis
948 3333 987 3378 ne
997 3316 1247 3394 exspectantibus

268 3402 402 3478 quidem.
424 3417 486 3477 quo
498 3401 596 3477 magis
607 3400 784 3476 angebatur,
797 3409 828 3464 et
839 3417 908 3462 cum
920 3418 957 3464 eo
968 3403 1141 3478 Antigonus
1153 3401 1245 3462 Eche-

267 3488 360 3549 cratis
375 3486 472 3556 tilius,
488 3499 599 3547 nomen
614 3484 713 3561 patrui
727 3485 873 3562 Antigoni
888 3486 1005 3561 serens,
1021 3487 1072 3563 qni
1087 3494 1169 3551 tutor
1182 3484 1240 3545 Phi·
