2642 4017
240 218 302 281 316
409 217 606 279 EPITOMAE
620 218 826 281 LIBRORUM
841 221 1050 281 cxi-cxvi.

238 367 357 424 psaesldiis
376 368 425 410 elus
444 379 494 410 cum
513 380 593 421 magns
606 368 672 410 eisde
684 368 789 410 diversae
803 369 876 421 partia
889 369 1024 420 expugnatis
1037 368 1154 410 obsidione
1171 368 1233 410 iibe-

236 427 307 472 reius,
323 424 435 466 transisto
450 422 617 465 iui'beasaiis·
632 422 699 473 bello,
714 422 921 476 epudi‘bsrsaiiam
934 423 983 463 acie
997 424 1071 464 victos
1084 426 1129 463 est.
1144 422 1234 465 cicero

236 479 260 518 in
275 478 356 518 castris
370 478 488 528 renunt,
508 479 543 517 rir
560 475 616 518 nilrii
635 478 708 517 minus
722 488 788 529 quam
803 477 832 517 ad
847 475 907 516 betia
920 480 998 526 natus,
1017 477 1168 529 omnibusque
1188 476 1233 518 arl-

237 541 351 627 rersacrxupp
365 532 470 626 pprrtium,
485 531 524 583 qul
538 541 564 571 se
578 532 685 584 poteetsti
699 532 792 572 victmia
806 532 963 624 permiserupbt3
978 530 1062 571 Caesar
1074 531 1172 581 ignovit.

236 640 289 692 tuga
303 586 508 683 terduntppieppp
516 587 637 692 ppeppepp
644 585 1234 692 fflffeggfflfflsspfflff'fflffifff

235 695 270 746 gis
285 692 376 746 pupilli,
391 698 483 735 auctore
496 690 610 734 ibeodoco
625 697 778 746 praeceptore,
792 694 855 733 cuius
869 690 929 744 apud
942 702 1017 743 regem
1030 703 1109 745 magna
1123 696 1174 732 erat
1190 705 1231 734 sn·

235 748 342 798 moritus,
357 749 381 788 et
394 746 500 797 Pothino,
520 748 608 788 occisus
622 749 658 787 eat
672 747 700 787 ab
715 746 816 798 Achilla,
836 746 870 786 cui
887 744 910 787 id
924 746 1011 786 lacinus
1025 749 1073 787 erat
1086 745 1228 798 delegatum,

235 802 258 842 tn
278 800 393 852 navicula,
412 805 531 853 autequam
553 802 575 841 in
596 805 678 842 terram
696 803 777 842 exiret.
797 799 901 841 cornelia
920 810 974 839 uxor
995 798 1229 854 etSe1.l²ompeius
1316 821 1317 824 =

234 855 295 898 titos
309 857 399 908 cypron
414 855 550 908 refugerunt.
569 854 652 896 Caesar
666 858 719 907 post
732 854 822 896 tertium
837 854 895 894 diem
910 853 1037 904 insecutus,
1052 864 1101 894 eum
1117 857 1138 895 ei
1151 854 1229 896 Theo·

234 910 304 951 dotus
318 915 386 962 caput
400 910 500 962 Pompeii
515 913 538 950 et
551 910 643 951 ennium
656 909 789 959 obtulisset,
808 908 906 949 oilensus
919 909 954 947 cst
968 911 991 948 et
1004 908 1163 958 illacrimarit5
1185 920 1228 949 nec

235 964 285 1005 eloe
303 964 403 1016 periculo
422 962 586 1005 Alexndrum
605 963 775 1004 tumultuantem
796 963 897 1005 intrarit.
918 960 1001 1001 crem
1019 961 1115 1002 dictator
1133 967 1229 1003 creatus

235 1017 377 1069 Cleopstram
391 1018 414 1058 in
433 1028 525 1069 regnum
539 1019 635 1070 Aegypti
650 1016 753 1066 reduxit,
772 1019 796 1057 et
809 1015 940 1058 inserentem
954 1016 1038 1057 beilum
1052 1015 1131 1056 iisdem
1145 1022 1227 1058 aueto-

234 1072 298 1111 ribus
307 1070 466 1121 Ptolemaeum,
481 1071 564 1122 quibos
575 1071 705 1123 Pompeium
718 1070 867 1119 interiecerat,
882 1080 932 1109 cum
946 1081 1025 1121 magno
1038 1079 1079 1110 suo
1093 1070 1228 1111 discrimine
1316 1087 1317 1090 ¹

233 1123 299 1166 vicit,
314 1123 459 1166 Ptolemaeus
473 1122 524 1164 dom
539 1124 603 1176 fugit,
618 1125 701 1166 inllilo
716 1124 819 1167 navicula
832 1122 942 1164 subsedit.
957 1128 1073 1177 prseterea
1085 1124 1226 1165 laboriosum

233 1175 267 1219 bi.
282 1176 375 1219 Catonis
390 1179 412 1219 iu
427 1177 502 1221 sirica
515 1189 556 1230 per
570 1178 658 1220 deserta
674 1190 723 1220 cum
742 1178 867 1231 legionibus
881 1178 935 1227 iter.
953 1180 977 1219 et
990 1177 1074 1219 bellurn
1088 1190 1102 1219 a
1116 1177 1157 1222 Co.
1176 1179 1225 1219 llo·
1316 1187 1317 1244 i

232 1230 296 1271 mitio
310 1231 420 1273 adversus
433 1230 570 1274 Plrarnuoem
585 1243 662 1286 purum
677 1243 785 1286 prospere
797 1235 884 1285 gestum
899 1233 1007 1276 eontinet.

288 1285 367 1328 cxiii·
387 1285 528 1328 continetis
547 1288 568 1326 in
590 1287 665 1328 Attica
679 1287 821 1339 Pompeianis
835 1286 949 1339 partibus,
970 1287 1086 1339 imperium
1100 1297 1177 1327 earum
1196 1288 1216 1328 P

232 1338 334 1392 Scipioni
349 1339 448 1381 delatum
462 1343 498 1382 est
512 1340 609 1390 caicus,
630 1343 666 1382 cui
682 1353 711 1381 ex
724 1352 797 1394 aequo
811 1340 953 1381 delerebstur
967 1340 1095 1393 imperium,
1116 1341 1222 1387 cedente.

233 1398 256 1434 et
275 1404 324 1434 cum
344 1392 372 1434 de
392 1394 502 1435 diruenda
520 1395 575 1435 urbe
590 1395 654 1436 iltics
668 1397 760 1448 propter
774 1394 873 1436 levorem
888 1394 986 1434 civitatis
1001 1395 1049 1434 eius
1064 1395 1085 1435 in
1101 1394 1222 1437 Csessren
1306 1393 1317 1426 ·i

233 1446 409 1499 deliberaretur,
424 1448 493 1501 idque
506 1459 535 1489 ne
548 1447 611 1489 ileret
625 1450 656 1490 bi.
672 1449 727 1490 cato
741 1451 863 1498 tenuisset,
877 1448 932 1489 lube
945 1448 1066 1499 suadente,
1081 1452 1107 1488 ut
1120 1448 1219 1491 diruere-

232 1506 282 1551 tur,
300 1501 373 1543 tutela
387 1504 437 1544 eius
450 1507 474 1544 et
487 1501 590 1544 custodia
604 1502 708 1544 mandata
722 1506 757 1544 est
772 1503 860 1546 Catoni.
880 1501 921 1543 Cu.
936 1502 1057 1555 Pompeius
1070 1502 1145 1555 liiagni
1158 1503 1222 1545 filius

234 1557 256 1596 in
271 1556 378 1609 illspania
398 1558 520 1598 contractis
534 1557 632 1606 viribus,
651 1568 744 1610 querum
759 1556 863 1598 ducatum
878 1567 920 1599 nec
934 1557 1039 1597 Afranius
1059 1568 1100 1597 nec
1113 1557 1219 1600 Petreius

233 1611 340 1662 excipere
353 1609 473 1661 volebant,
491 1610 575 1652 bellum
590 1610 698 1653 adversus
713 1612 830 1653 caesarem
844 1611 969 1654 renovavit.
989 1609 1115 1651 Pharnaces
1129 1610 1219 1652 liiitlrri·

212 1709 217 1716 .
233 1662 293 1704 datis
309 1663 377 1714 fliius,
391 1675 432 1706 rex
443 1665 516 1713 Ponti,
530 1666 580 1707 siue
594 1665 641 1707 ulla
655 1666 711 1707 beiii
725 1675 787 1706 mors
801 1666 874 1707 victus
887 1668 929 1707 est.
946 1676 995 1705 cum
1004 1665 1127 1706 aditiones
1133 1665 1220 1707 Romae

231 1726 244 1755 e
259 1716 286 1758 P.
301 1716 423 1759 Dolabella
437 1720 527 1760 tribuno
557 1720 625 1770 iebts,
642 1719 715 1772 legem
729 1719 814 1761 terente
828 1718 856 1759 de
869 1720 933 1758 novis
948 1718 1043 1769 tabulis,
1059 1720 1168 1759 excitatae
1184 1730 1220 1760 es-

232 1772 296 1820 sent,
318 1775 342 1811 et
356 1782 385 1812 ex
399 1783 426 1812 ea
440 1783 510 1814 causa
528 1774 594 1826 pebs
612 1773 798 1824 tumultuaretur,
818 1772 914 1814 inducti:
926 1784 940 1813 a
954 1773 986 1816 bi.
1002 1773 1097 1814 Antonio
1111 1773 1220 1824 magistro

232 1823 331 1876 equiturn
347 1825 370 1865 ln
385 1826 461 1867 urbem
475 1827 586 1868 militibus
600 1830 723 1881 octingenti
738 1827 766 1867 de
795 1828 847 1868 iebe
860 1828 920 1867 caesi
934 1829 996 1870 sunt.
1012 1828 1219 1869 &conveteranis

232 1887 282 1918 cum
296 1877 408 1920 seditione
422 1882 550 1923 missionem
564 1882 731 1936 postulantibus
747 1840 820 1931 doliu
835 1884 858 1922 et
872 1892 921 1922 cum
936 1882 958 1921 in
970 1879 1068 1922 Africam
1082 1882 1218 1934 traiecisset,

231 1931 342 1973 adversus
356 1934 434 2029 copias
448 1935 515 1977 iubae
529 1938 590 1989 regis
603 1947 653 1977 cum
668 1936 795 1977 discrimine
810 1946 888 1988 magno
902 1937 1017 1988 pugnavit.

286 1986 362 2029 chV.
400 1988 468 2030 ellum
482 1992 504 2031 tn
519 1990 584 2043 Syris
599 1991 711 2032 Caecilius
725 1990 809 2030 Bassos
820 2000 892 2042 eques
904 1989 1017 2030 Romanus
1031 1990 1217 2042 Pompeianarum

232 2040 328 2093 partium
343 2045 450 2084 excitarit
462 2044 541 2086 relicto
555 2056 568 2086 a
584 2045 671 2097 legione
686 2044 740 2086 Sex.
750 2044 852 2093 caesore,
866 2054 924 2096 quae
937 2042 966 2084 ad
979 2042 1073 2084 Bassum
1088 2044 1215 2093 transierat,

232 2096 351 2147 occisoque
365 2108 400 2139 eo.
416 2097 499 2139 caesar
508 2099 634 2152 Scipionem
649 2101 774 2152 praetorem
788 2097 900 2139 ‚tironium
915 2098 1036 2148 iubamque
1050 2097 1105 2139 vicit
1118 2097 1146 2138 sd
1157 2098 1215 2138 Tira·

232 2159 297 2201 psurn
311 2150 392 2192 castris
406 2161 481 2192 eorum
496 2154 638 2205 expugnatis.
660 2154 717 2196 ceto
731 2152 847 2193 auditore
861 2163 910 2193 curn
924 2161 950 2192 se
966 2152 1114 2205 percussisset
1129 2152 1215 2201 illicce,

234 2207 255 2244 et
269 2204 433 2246 interveniente
447 2205 493 2247 diio
507 2210 636 2257 curaretur,
651 2206 794 2259 interipsum
808 2207 945 2248 curationem
959 2206 1055 2247 rescisso
1070 2205 1161 2246 vulnere
1175 2217 1214 2247 ex·

231 2257 332 2309 spiravit,
348 2269 406 2299 anuo
420 2261 502 2301 aetttls
516 2262 685 2313 quadragesimo
700 2264 786 2301 octavo.
801 2260 905 2302 Petreius
919 2261 993 2301 lubsnr
1009 2269 1079 2311 seque
1095 2258 1215 2300 interiecit.

231 2311 258 2357 P.
270 2311 348 2365 Scipio
362 2314 384 2354 in
401 2323 458 2354 nave
473 2314 635 2356 circumventus
648 2314 755 2357 honestae
768 2315 833 2356 morti
847 2326 924 2355 vocem
939 2324 1029 2367 quoque
1039 2312 1133 2355 adiecitr
1147 2324 1215 2364 quae·

231 2366 332 2406 rentibus
350 2367 408 2407 enim
429 2368 585 2417 imperatorem
600 2368 702 2410 hostibus
716 2368 774 2410 dixit
792 2369 929 2421 „imperator
942 2378 968 2409 se
982 2370 1038 2409 bene
1052 2366 1145 2407 habet.“
1159 2367 1213 2407 Fau·

231 2421 282 2461 stoa
295 2422 319 2462 et
333 2419 438 2461 Afranius
451 2422 528 2464 occisi.
551 2424 643 2464 catonis
657 2422 702 2462 tilio
716 2423 781 2464 venie
795 2422 854 2464 deta.
875 2423 957 2464 Brutus
971 2422 1059 2474 legatus
1073 2422 1175 2463 Caesaris
1190 2422 1213 2461 in

231 2472 305 2514 Gallia
319 2473 452 2514 Bellovacos
465 2474 602 2516 rebellantes
616 2475 701 2528 proelio
716 2478 778 2516 vicit.

284 2526 349 2568 cxv.
365 2529 446 2567 Caesar
460 2531 566 2578 quattuor
580 2527 703 2580 triumphos
718 2528 789 2578 duxit,
804 2540 833 2569 ex
848 2529 929 2579 (tallia,
945 2540 973 2570 ex
987 2533 1097 2583 Aegypto,
1112 2541 1141 2571 ex
1154 2530 1209 2571 Pon·

230 2582 262 2628 to,
277 2591 306 2620 ex
320 2578 403 2622 Africa.
424 2580 514 2632 epulum
529 2586 552 2622 et
566 2582 638 2622 omnis
651 2583 740 2634 generis
757 2583 887 2635 spectaculs
902 2583 973 2625 dedit.
991 2584 1023 2625 ld.
1038 2584 1146 2626 Marcello
1160 2595 1208 2624 con-

230 2632 306 2681 suleri,
320 2636 399 2673 senatu
413 2636 518 2685 rogante,
537 2634 633 2676 reditum
646 2637 769 2686 concessit3
790 2647 834 2689 quo
850 2637 957 2680 beneflcio
972 2640 1020 2679 elus
1034 2637 1154 2680 Marcellus
1169 2638 1213 2679 irui

230 2696 274 2727 uon
288 2688 373 2738 potuit,
393 2696 406 2726 a
421 2686 461 2729 Cu.
474 2689 549 2741 dlagio
563 2689 642 2731 Cilone
656 2689 738 2732 cliente
752 2700 793 2731 suo
808 2689 902 2733 Athenis
916 2694 1010 2734 occisus.
1027 2702 1143 2734 recensum
1158 2693 1212 2744 egit,

229 2750 275 2793 quo
294 2749 361 2781 censa
378 2744 430 2781 suut
442 2743 529 2784 ciuium
547 2744 621 2797 cupita
639 2748 728 2786 centum
743 2746 906 2799 qninquaginta
919 2747 989 2790 milla.
1009 2746 1122 2798 proiectus
1136 2747 1159 2786 in
1173 2746 1211 2787 iii-

228 2793 328 2845 spaniam
348 2792 457 2836 sdversus
476 2796 517 2838 cn.
532 2797 674 2852 Pompeium,
696 2800 773 2841 multis
788 2801 898 2852 utrimque
912 2801 1093 2853 expeditionibus
1107 2800 1173 2841 iactis
1187 2803 1211 2841 et

229 2849 313 2898 aliquot
335 2848 426 2890 urbibus
446 2854 580 2905 expugnetis
601 2862 708 2895 summam
729 2856 844 2896 victoriam
865 2865 914 2895 cum
936 2866 1014 2908 magno
1035 2855 1161 2897 discrimine
1181 2853 1210 2895 sd

229 2900 334 2943 Mundam
349 2903 424 2944 urbem
439 2912 570 2948 consecutus
584 2910 628 2951 est.
643 2908 763 2961 Pompeius
777 2909 863 2949 Sextus
878 2909 962 2960 etlogit.

283 2954 358 3000 cxii.
375 2956 458 3000 caestu
472 2961 614 3014 ullispanla
628 2963 729 3013 quintum
742 2962 877 3015 triumphum
892 2964 945 3015 egit.
962 2966 984 3003 et
998 2976 1046 3006 cum
1061 2963 1151 3018 plurimi
1165 2974 1209 3003 ms·

228 3009 329 3061 almique
344 3010 441 3052 honores
455 3015 475 3053 ei
490 3024 503 3053 a
517 3017 596 3056 senatu
611 3014 696 3057 decreti
712 3021 793 3066 essem,
810 3019 869 3058 inter
883 3026 940 3069 quos
955 3020 980 3058 ut
993 3022 1057 3071 pater
1072 3017 1158 3071 patriae
1171 3029 1209 3069 ep·

227 3062 399 3159 itliiiiiii
410 3070 901 3176 iiiiii?„iiiitiiiitititiii
911 3073 1210 3168 ii‘iniili‘²ii“.·ii

551 3153 557 3173 l
1071 3158 1077 3176 i

227 3169 305 3212 aedem
319 3174 411 3214 Veneris
425 3174 549 3217 Genetricis
568 3176 669 3227 aderet,
692 3189 736 3219 non
755 3178 895 3229 adsurrexit,
915 3183 938 3221 et
958 3181 1019 3232 quod
1037 3192 1051 3222 a
1066 3181 1098 3223 iii.
1112 3180 1209 3221 Antonio

227 3228 319 3268 consule
333 3227 420 3280 collega
432 3238 485 3278 suo,
501 3231 559 3272 inter
572 3232 686 3283 Lupercos
700 3235 814 3282 currente,
829 3232 931 3274 diadema
945 3236 1014 3288 capiti
1027 3244 1068 3276 suo
1082 3234 1209 3286 impositum

227 3281 249 3321 in
268 3281 326 3322 seila
345 3283 445 3335 reposuit
463 3286 485 3324 et
503 3284 564 3337 quod
578 3284 659 3337 Epidio
674 3285 771 3326 Marullo
784 3291 807 3327 et
821 3287 923 3329 Csesetio
939 3287 1008 3329 Flavo
1026 3289 1121 3329 tribunis
1135 3287 1209 3340 plebia

227 3334 332 3376 invidiam
350 3337 370 3377 ei
391 3340 501 3388 tamquam
519 3348 610 3391 regnum
629 3338 751 3380 adfectanti
770 3341 910 3381 moventibus
926 3345 1027 3394 potestas
1041 3342 1147 3393 abrogata
1163 3344 1207 3384 est.

227 3400 255 3429 ex
270 3391 298 3430 iis
312 3390 384 3431 causis
399 3389 598 3441 conspirationem
619 3403 668 3433 eum
683 3394 753 3442 tacta,
773 3395 836 3435 cuius
851 3395 924 3447 capita
937 3394 1028 3437 luerunt
1041 3396 1072 3437 ii.
1087 3394 1171 3435 Brutus
1185 3396 1208 3434 et

226 3442 252 3483 c.
268 3442 360 3484 Cassius
374 3447 397 3484 et
411 3455 439 3484 ex
454 3442 559 3485 Caesaris
576 3445 678 3496 partibus
690 3445 721 3485 ii.
736 3447 818 3488 Brutus
837 3451 860 3488 et
874 3449 898 3490 c.
914 3448 1049 3497 Trebonius,
1069 3450 1092 3489 in
1106 3447 1207 3499 Pompeii

225 3496 287 3535 curia
302 3498 388 3537 occisus
403 3500 438 3538 est
453 3497 530 3549 uiginti
545 3497 616 3538 tribus
629 3497 772 3548 vulneribus,
794 3506 970 3555 occupatumque
985 3502 1013 3543 ab
1027 3502 1208 3543 intertectoribus
