2642 4017
232 272 295 337 ζὶ16
405 274 520 335 LIBER
534 275 637 335 XLIV.
661 275 744 335 CAP-
759 283 786 339 l.
799 282 825 337 8.
849 281 886 349 [a.
900 280 934 333 U.
947 297 971 332 c.
982 280 1046 348 583]

235 426 366 502 aliquem
382 426 514 487 subesse
528 427 642 487 dolum.
671 443 766 487 unum
781 426 861 487 diem
877 426 916 487 ad
930 428 1123 503 exploranda
1133 430 1217 490 circa

234 510 336 573 omnia
355 517 491 572 moratus
512 516 613 570 castra
627 517 747 580 movct3
769 510 907 586 satisque
928 512 1058 572 credens
1074 513 1103 573 ln
1118 513 1218 574 Pieria

234 594 374 659 frumenti
399 594 519 670 copiam
543 594 609 654 lore
634 609 672 655 eo
698 593 748 654 die
772 595 812 654 ad
832 609 952 654 amnem
973 596 1097 656 nomine
1118 596 1217 674 Mityn

234 678 396 755 processit
433 684 559 753 postero
580 676 630 736 die
651 692 837 753 progressus
863 679 1003 752 Agassas
1028 680 1135 740 urbem
1155 688 1216 741 lra-

235 762 377 823 dentibus
392 776 464 822 sese
478 760 555 836 ipsis
570 761 703 835 recepit3
719 768 750 821 et
763 767 795 820 ut
808 760 997 835 reliquorum
1009 762 1215 825 Macedonum

234 847 352 906 animos
369 844 426 906 sibi
437 844 620 918 conciliaret,
633 842 794 905 obsidibus
805 851 967 907 contentus
978 847 1046 907 sine
1056 847 1216 921 praesidio

233 928 406 1003 relinquere
434 943 470 988 se
498 925 544 988 eis
572 926 681 989 urbem
707 927 921 1004 immunesque
939 945 977 991 ac
1001 930 1068 991 suis
1091 929 1213 1004 legibus

233 1012 369 1072 uicturos
390 1018 438 1071 est
459 1009 623 1085 pollicitus.
657 1027 842 1087 progressus
863 1012 934 1072 inde
955 1012 1016 1073 diei
1035 1013 1092 1073 iter
1113 1014 1153 1073 ad
1173 1015 1215 1073 A-

233 1093 377 1154 scordum
403 1092 516 1154 tlurnen
541 1094 644 1169 posuit
667 1102 784 1165 castra;
813 1102 843 1156 et
867 1103 1011 1170 quantum
1032 1097 1217 1172 procederet

232 1176 353 1252 longius
368 1193 387 1237 a
402 1174 569 1251 Thessalia,
592 1193 629 1239 eo
645 1178 791 1240 maiorem
802 1194 904 1241 rerum
926 1179 1060 1242 omnium
1080 1179 1216 1256 inopiam

233 1260 368 1321 sentiens
379 1276 540 1335 regressus
549 1260 1081 1325 ediliumestdubitationeomnibus
1089 1279 1212 1340 exemp·

232 1352 278 1419 ta,
300 1344 374 1419 quid
395 1345 561 1407 intercluso
581 1345 620 1406 ab
645 1345 804 1408 Thessalia
825 1346 1000 1421 pallendum
1027 1347 1144 1423 luisset,
1166 1347 1215 1408 oui

233 1428 339 1502 procul
356 1428 429 1488 lude
443 1429 612 1489 abscedere
634 1435 730 1490 tutum
747 1445 809 1491 non
823 1436 916 1490 esset
950 1430 1083 1492 Perseus
1092 1432 1214 1493 'coactis

232 1511 262 1571 in
283 1529 377 1574 unum
391 1512 533 1573 omnibus
549 1510 647 1587 copiis
660 1513 853 1588 ducibusque
867 1514 1029 1590 increpare
1039 1516 1214 1590 praelectus

233 1596 465 1671 praesidiorum,
481 1602 551 1658 ante
562 1612 670 1656 omnes
681 1594 935 1672 Asclepiodotum
950 1604 1043 1674 atque
1053 1598 1214 1674 Hippiam·

232 1678 271 1737 ab
285 1677 334 1738 bia
350 1679 452 1739 dicere
467 1680 600 1741 claustra
617 1677 818 1740 Macedoniae
837 1681 948 1742 tradita
963 1682 1110 1743 Romanis
1126 1697 1215 1754 esse3

232 1761 319 1822 culus
335 1761 445 1838 culpae
459 1777 532 1824 reus
546 1779 636 1823 nemo
651 1763 759 1825 iustius
775 1780 866 1840 quam
876 1763 1072 1841 ipseluisset.
1094 1767 1216 1827 consuli

232 1851 396 1919 postquam
416 1861 455 1905 ex
470 1846 530 1908 alto
547 1853 714 1921 conspecta
730 1847 840 1909 classis
856 1863 945 1924 spem
960 1849 1033 1909 lecit
1046 1865 1115 1910 cum
1131 1865 1215 1911 corn·

231 1936 332 1990 meatu
352 1944 448 1990 naves
468 1930 574 1990 venire
599 1964 637 1975 -
660 1931 768 2005 ingens
790 1931 869 1992 enim
890 1933 1001 1993 caritas
1022 1949 1163 1994 annonae
1178 1949 1216 1994 ac

231 2028 330 2089 prope
351 2013 455 2089 inopia
476 2020 541 2074 erat
555 2014 651 2075 -ab
666 2014 795 2076 invectis
810 2014 869 2075 iem
890 2023 1014 2091 portum
1034 2017 1120 2078 audit
1140 2032 1212 2077 one-

231 2097 327 2159 rarias
339 2113 436 2159 naves
446 2097 623 2173 Magnesiae
643 2098 766 2158 relictas
788 2113 869 2160 esse.
905 2099 1021 2160 incerto
1037 2099 1110 2160 inde
1125 2100 1213 2176 quid-

230 2197 300 2241 nam
321 2181 471 2256 agendum
498 2183 577 2243 foret
595 2219 638 2228 -
659 2181 738 2242 adeo
759 2181 827 2243 sine
844 2176 909 2242 ulla
930 2199 992 2260 ope
1012 2183 1110 2245 hostis
1133 2199 1215 2259 quac

230 2264 419 2339 adgravaret,
436 2282 505 2326 cum
519 2266 772 2341 ipsadllfioultate
781 2281 883 2326 rerum
895 2268 1093 2344 pugnandum
1100 2275 1212 2328 erat-

230 2355 461 2424 peropportune
474 2349 592 2411 litterae
607 2365 626 2409 a
641 2349 695 2423 Sp.
708 2349 851 2410 Lucretio
863 2350 984 2411 adlatae
1001 2358 1073 2411 sunt
1087 2353 1215 2412 castella

155 2506 159 2513 Ι
230 2448 274 2503 se,
293 2448 372 2508 quae
383 2446 477 2505 super
491 2432 606 2506 Tempe
621 2439 742 2505 essent,
762 2439 793 2492 et
810 2433 891 2492 circa
906 2432 1012 2493 Philan
1027 2442 1132 2494 tencre
1149 2451 1213 2496 om-

229 2515 290 2589 nia
305 2513 509 2587 frumentique
523 2514 552 2572 in
568 2514 606 2573 iis
621 2522 652 2573 et
672 2514 798 2574 marum
819 2514 850 2575 in
871 2532 961 2578 usum
974 2533 1075 2578 rerum
1091 2518 1213 2593 copiam

230 2597 394 2656 invenisse.
428 2595 504 2654 Vlll.
526 2595 575 2662 bis
597 2611 786 2672 magnopere
799 2599 898 2663 laetus
921 2602 1028 2662 consul
1047 2602 1085 2662 ab
1099 2602 1156 2662 Dio
1172 2603 1213 2661 ad

228 2677 333 2737 Philan
356 2676 452 2751 ducit,
473 2678 563 2740 simul
583 2686 616 2741 ut
635 2681 822 2755 praesidium
837 2683 905 2745 elus
919 2684 1062 2758 firmaret
1078 2682 1167 2746 simul
1180 2692 1214 2747 ut

229 2759 313 2821 militi
328 2761 524 2837 trumentum,
552 2765 638 2825 cuius
655 2764 743 2824 tarda
766 2764 923 2829 subvectio
949 2775 1028 2842 erat,
1051 2768 1211 2829 divideret.

229 2861 266 2904 ca
301 2844 450 2919 prolectlo
483 2848 593 2909 lamam
626 2848 865 2924 haudquaquam
899 2852 1067 2913 secundam
1096 2849 1211 2912 habuit

228 2944 297 2988 nam
324 2929 372 2989 alii
396 2937 477 3005 metu
500 2932 672 2994 recessisse
692 2948 760 2993 eum
778 2931 816 2992 ab
842 2933 933 2994 hoste
958 2935 1110 3005 ferebant,
1138 2934 1211 3010 quia

227 3013 361 3073 manenti
386 3013 415 3073 in
437 3014 535 3076 Pieria
561 3016 679 3091 proelio
700 3015 906 3077 dimicandum
928 3019 1020 3095 loret,
1049 3017 1099 3078 alii
1124 3016 1210 3094 igna-

226 3111 309 3169 rum,
330 3096 401 3157 belli
428 3114 507 3172 quae
528 3098 559 3158 in
575 3100 641 3160 dies
657 3101 779 3160 lortuna
799 3110 941 3177 novaret,
967 3111 1001 3164 ut
1025 3102 1208 3179 opperienti·

228 3180 286 3241 bus
310 3194 382 3240 sese
409 3181 503 3242 rebus
535 3184 679 3243 omisisse
709 3184 748 3243 de
775 3184 914 3245 manibus
940 3201 993 3260 ea,
1026 3201 1106 3262 quae
1136 3201 1211 3246 mox

227 3263 323 3341 repeti
345 3278 406 3324 non
428 3271 565 3339 possent.
598 3267 688 3327 simul
714 3267 794 3326 enim
815 3269 910 3330 cessit
928 3269 1132 3345 possessione
1151 3267 1209 3341 Dii,

228 3345 371 3409 excitavit
390 3347 526 3420 hostem,
551 3356 585 3410 ut
610 3356 682 3408 tunc
703 3350 824 3410 tandem
845 3350 971 3413 sentiret
995 3352 1208 3427 recuperanda

226 3447 298 3492 esse
321 3448 399 3506 quae
419 3430 504 3505 prius
527 3447 584 3491 sua
609 3432 700 3504 culpa
722 3432 837 3493 amissa
861 3435 969 3495 lorent.
999 3436 1101 3497 audita
1127 3435 1209 3496 enim

180 3590 181 3593 Ἴ
227 3515 415 3587 protectione
441 3512 577 3574 consulis
602 3529 764 3588 regressus
787 3515 892 3591 Dium,
919 3533 998 3592 quae
1020 3517 1149 3578 disiecta
1170 3533 1209 3578 ac
