2642 4017
247 244 311 310 254
460 245 676 306 smsaxuv.
700 244 782 307 car.
798 254 823 305 1.
840 249 1034 319 [nossa]

295 399 462 463 contingeret,
482 396 591 447 duorum
615 394 728 446 tltomm
750 394 882 446 incumbas
902 395 1026 462 insignita
1044 404 1099 456 cett
1120 412 1229 460 quoann

297 465 404 517 alterius
421 479 490 517 mors
508 463 666 531 triumphum
679 464 762 531 patris
779 465 930 530 praecessit,
946 463 1053 515 alterius
1070 475 1158 516 secuta
1180 478 1229 517 cst.

296 535 406 586 lustrum
417 534 549 585 conditum
561 540 621 582 esta
632 532 796 584 censoribus:
817 547 895 583 censa
906 541 965 584 sunt
975 534 1071 584 civium
1082 535 1167 600 capita
1178 541 1229 584 tre·

295 610 370 654 cente
385 603 520 654 duodecim
536 600 624 663 milia,
651 602 799 668 octingenta
812 603 952 668 nonaginta
969 603 1090 666 quinque.
1122 604 1228 654 &usias

295 673 429 740 Bithyulae
441 670 610 731 scalionem,
630 678 659 720 ut
680 671 780 720 mucul
798 669 970 735 gratularetur
988 672 1021 723 ob
1038 672 1172 722 sictonam
1196 687 1229 723 ex

295 742 443 793 chdoub
464 748 573 806 penam
594 739 675 798 veuit,
698 745 725 789 ct
742 739 906 791 Nicomedem
930 739 1013 791 illium
1036 741 1137 791 smaut
1160 756 1231 791 com·

295 811 432 862 mandevit.
467 825 514 860 rex
530 806 623 875 plcans
640 806 796 859 adulationis
817 807 937 860 libertum
951 823 980 859 se
1001 807 1094 875 populi
1119 809 1228 860 Romani
1277 866 1281 879 ,

296 880 407 933 dicebat.

329 986 352 1043 l.
374 983 530 1044 Victoriae
549 981 660 1056 nuntii,
686 980 720 1056 Q.
739 981 852 1043 Fabius
872 989 904 1043 et
920 982 955 1042 L
972 982 1121 1044 Lentulus
1142 990 1172 1044 et
1194 984 1229 1059 Q.

244 1067 394 1139 Metellus,
410 1072 525 1143 quauta
545 1065 644 1142 potnit
664 1064 802 1126 adbiberi
819 1063 990 1141 festinatio,
1010 1064 1150 1128 celeriter
1165 1069 1228 1129 Ro·

244 1165 325 1210 mam
345 1164 415 1211 cum
429 1149 596 1223 venissent,
615 1155 815 1225 praeceptum
828 1156 931 1210 umen
945 1150 1012 1211 cius
1025 1149 1071 1210 rei
1084 1151 1229 1213 laetitiam

243 1234 432 1296 invenerunt
454 1238 562 1310 quarto
578 1230 818 1309 pmtdiequam
829 1248 899 1296 cum
907 1240 1040 1309 mgeest
1050 1242 1228 1311 pugnatum,

245 1334 314 1379 curn
338 1318 370 1378 in
395 1318 478 1379 circo
502 1317 565 1377 ludi
584 1316 708 1390 fierent,
733 1332 870 1378 mnrmm
886 1324 1013 1394 repente
1038 1319 1145 1393 populi
1165 1325 1229 1379 tota

244 1403 423 1478 spmucula
438 1400 580 1478 pervasit,
596 1405 764 1476 pugnatum
783 1400 814 1460 in
828 1400 1010 1463 Macedonia
1029 1407 1060 1461 et
1074 1401 1228 1463 devictum

243 1501 348 1562 regem
362 1501 444 1561 esse,
459 1484 531 1546 dein
544 1483 682 1545 fremitus
693 1484 830 1558 increvit,
844 1491 1003 1560 postremo
1014 1485 1129 1546 clamor
1140 1486 1226 1560 plau-

243 1585 377 1645 susque,
400 1570 483 1630 velut
502 1572 585 1630 certi)
605 1566 711 1628 nando
725 1567 871 1630 victoriae
885 1568 1002 1642 adlato,
1022 1574 1072 1629 est
1090 1576 1227 1631 exortus.

243 1652 346 1713 maeri
365 1653 559 1728 magistratus
576 1657 608 1712 et
629 1666 777 1726 quaerere
791 1658 947 1712 auctorem
967 1652 1146 1728 repentinae
1165 1654 1227 1713 lao-

243 1735 342 1807 titiaee
369 1734 423 1812 qui
446 1743 611 1811 postquam
632 1735 734 1795 nullus
755 1743 834 1807 erat,
858 1733 981 1796 evanuit
995 1734 1138 1812 equidem
1151 1744 1226 1797 tam

225 1835 336 1895 squam
351 1826 452 1881 certae
465 1819 511 1879 rei
523 1818 685 1894 gaudium,
711 1834 801 1880 ornen
822 1826 922 1880 tamen
939 1820 1052 1880 laetum
1074 1819 1228 1881 insidebat

243 1901 364 1964 animis.
399 1903 484 1979 qnod
499 1908 664 1978 postquam
677 1901 760 1962 veris
776 1902 888 1964 nuntiis
901 1901 987 1964 Fabii
1000 1903 1182 1979 Lentulique
1197 1912 1227 1965 et

242 1986 355 2048 Metelli
369 1987 502 2048 adventu
516 1986 667 2048 firmatum
682 1993 744 2058 est,
771 2001 841 2046 cum
854 1986 982 2048 victoria
1000 1987 1070 2062 ipsa
1089 1993 1153 2047 tum
1172 2004 1228 2048 au-

242 2071 329 2147 gurio
344 2071 514 2133 animorum
526 2085 653 2131 suorum
668 2068 866 2131 laetabantur.
901 2078 932 2132 et
951 2070 1039 2131 aliter
1054 2069 1155 2132 editur
1169 2072 1227 2131 cir·

242 2154 345 2216 censis
365 2156 473 2217 turbae
493 2171 555 2216 non
576 2154 677 2215 minus
698 2153 805 2213 similis
822 2154 888 2214 veri
902 2154 1023 2214 laetitia.
1058 2152 1226 2215 antediem

243 2239 381 2314 quintum
395 2240 547 2301 decimum
562 2237 707 2299 calendas
726 2235 890 2310 Octobres,
912 2238 1054 2298 ludorum
1072 2237 1226 2298 Romano-

241 2338 309 2384 rum
326 2324 465 2385 secundo
481 2324 540 2397 die,
556 2322 587 2383 C.
602 2321 718 2383 Licinio
734 2320 853 2382 consuli
871 2321 911 2381 ad
927 2320 1093 2398 quadrigas
1107 2322 1226 2382 mitten·

242 2406 300 2468 das
320 2405 500 2467 escendenti
518 2404 709 2477 tabellarius,
736 2406 788 2480 qui
809 2421 845 2464 se
864 2421 904 2465 ex
918 2404 1101 2466 Macedonia
1119 2406 1226 2466 venire

242 2491 365 2562 diceret
377 2492 530 2550 laureatas
542 2488 657 2548 litteras
671 2487 688 2525 *
700 2486 819 2549 dicitur.
841 2488 1000 2565 quadrigis
1006 2488 1110 2551 mlesis
1118 2493 1227 2550 consul

241 2589 364 2634 currum
388 2569 584 2643 conscendit,
613 2576 644 2631 et
669 2586 738 2630 cum
758 2588 815 2647 per
835 2573 948 2633 circum
966 2573 1164 2635 reveheretur
1186 2574 1226 2633 ad

241 2656 327 2717 loros
343 2654 493 2730 publicos,
509 2654 664 2715 laureatas
679 2654 807 2717 tabellas
818 2658 936 2733 populo
947 2657 1090 2718 ostendit
1113 2656 1225 2732 quibus

241 2737 417 2813 conspectis
423 2745 551 2815 repente
558 2738 718 2800 immemor
728 2740 896 2815 spectaculi
908 2741 1044 2817 populus
1054 2742 1085 2802 in
1092 2741 1226 2801 medium

240 2823 382 2883 decurrit.
415 2839 454 2884 eo
470 2828 609 2884 senatum
624 2823 734 2884 consul
750 2824 879 2899 vocavit,
894 2825 1093 2901 recitatisque
1105 2823 1225 2885 tabellis

240 2921 280 2965 ex
300 2905 479 2969 auctoritate
499 2912 620 2983 patnrm
640 2923 697 2982 pro
718 2908 794 2970 loris
815 2908 946 2983 publicis
967 2907 1156 2970 denuntiavit
1168 2923 1225 2984 pc

240 2993 314 3066 pulo
342 2992 376 3051 L.
405 2991 570 3055 Aemilium
596 2993 746 3067 collegam
778 2991 875 3066 signis
907 2991 1026 3055 collatis
1054 3009 1123 3054 cum
1150 3007 1225 3067 rege
1298 3006 1302 3021 ¹

240 3074 353 3136 Perseo
368 3091 543 3151 pugnasse3
563 3075 768 3137 Macedonum
782 3077 951 3137 exercitum
968 3093 1094 3139 caesum
1109 3076 1224 3136 lusian-

240 3175 316 3235 quc;
341 3174 448 3234 regam
469 3175 538 3221 curn
559 3159 669 3235 paucis
684 3156 820 3234 lugissm
846 3158 985 3221 civitates
1001 3176 1109 3223 omnes
1121 3159 1223 3219 Mace·

239 3242 351 3304 doniae
371 3242 402 3304 in
423 3241 577 3304 dicionem
597 3243 704 3319 populi
723 3242 854 3303 Romani
872 3243 1006 3305 venisse.
1041 3244 1091 3305 his
1112 3241 1223 3303 auditis

239 3329 354 3389 clamor
374 3342 444 3389 cum
463 3324 577 3401 ingenti
602 3327 714 3400 plausu
739 3333 841 3396 ortus;
866 3327 948 3388 ludis
972 3328 1087 3389 relictis
1112 3326 1223 3386 domus

238 3427 349 3487 magua
377 3426 451 3487 pars
478 3408 633 3468 bominum
661 3409 702 3468 ad
730 3409 876 3484 coniuges
905 3410 1083 3486 liberosque
1109 3411 1222 3472 laetum

238 3493 377 3555 uiantium
390 3491 562 3569 portabant.
597 3491 703 3550 tertius
719 3492 857 3554 decimus
876 3493 943 3554 dies
957 3502 1023 3555 erat
1036 3493 1075 3554 ab
1088 3509 1136 3568 eo,
1159 3508 1222 3569 quo
