2642 4017
305 255 420 317 LIBER
434 255 539 317 XLIV.
562 256 644 316 CAP.
660 265 704 320 19.
715 266 758 319 20.
781 265 818 333 [a.
832 265 938 334 C.168]
1050 259 1111 325 227

72 404 75 411 '
126 422 238 470 omncs
253 422 344 482 reges
361 415 532 483 gentesque
552 407 762 470 auctoritatem
783 424 871 484 esse,
892 415 926 470 ut
945 410 973 470 si
993 411 1111 486 legatos

126 492 295 563 misissent
311 491 365 566 qui
380 491 593 553 denuntiarent
607 507 669 553 non
684 493 808 567 placere
822 493 941 554 senatui
956 494 1049 555 sociis
1063 511 1110 556 re·

126 575 219 651 gibus
246 575 359 635 bellum
386 573 468 649 fleri,
497 577 651 650 extemplo
678 576 882 637 abscessurus
908 593 927 637 a
950 577 1111 640 moenibus

127 657 344 735 Alexandreae
363 657 616 735 abducturusque
635 657 804 721 exercitum
822 660 854 720 in
875 658 998 739 Syriam
1017 668 1110 724 esset.

129 742 215 817 quod
235 741 262 801 si
284 747 464 802 cunctentur
483 743 600 817 iacere,
624 742 711 802 brevi
736 748 877 805 extorres
896 758 992 820 regno
1012 744 1110 806 Ptole

127 840 249 885 maeum
265 832 296 886 et
306 825 497 900 cleopatram
510 826 640 887 Romam
650 832 807 903 venturos,
822 842 892 889 oum
903 828 1024 903 pudore
1035 845 1110 905 quo·

127 909 199 970 dam
213 908 321 984 populi
334 909 471 984 Romani,
494 908 578 984 quod
599 911 713 971 nnllam
733 926 824 986 opem
837 911 868 976 in
882 910 988 973 ultimo
1003 911 1110 973 discri-

127 992 210 1051 mine
224 994 413 1053 fortunarum
427 993 577 1055 tulissent.
600 994 672 1055 moti
693 999 796 1069 patres
817 994 962 1071 precibus
976 996 1110 1056 Alexan·

128 1077 285 1136 drinornm
299 1077 453 1152 extemplo
466 1076 497 1137 G.
508 1076 668 1152 Popillium
683 1078 846 1139 Laenatem
857 1085 888 1140 ct
899 1078 930 1138 c.
941 1077 1109 1141 Decimium

128 1165 160 1219 et
180 1158 210 1219 C.
231 1159 393 1220 Hostilium
414 1162 532 1235 legatos
553 1162 593 1221 ad
613 1160 780 1222 finiendum
800 1162 878 1222 inter
892 1177 983 1238 reges
997 1162 1109 1223 bellum

127 1244 284 1305 miserunt.
306 1243 392 1320 prius
407 1243 606 1316 Antiochum,
627 1244 697 1304 dein
712 1244 919 1307 Ptolemaeum
933 1245 1018 1305 adire
1031 1245 1110 1306 iussi

127 1334 157 1387 et
171 1327 319 1401 nuntiare,
334 1327 364 1387 ni
379 1327 546 1389 absistatur
562 1328 659 1399 bello,
682 1344 738 1403 per
759 1334 858 1389 utrum
873 1329 1018 1402 stetisset,
1039 1343 1109 1388 eum

126 1427 190 1471 non
204 1426 261 1486 pro
277 1409 376 1472 amico
390 1427 448 1472 nec
462 1428 519 1487 pro
535 1411 622 1471 socio
635 1410 794 1472 habituros
809 1427 890 1471 esse.

211 1495 274 1554 XX.
296 1494 351 1554 His
372 1495 450 1555 intra
471 1494 603 1556 triduum
619 1494 708 1555 simul
723 1510 792 1554 cum
805 1494 913 1568 legatis
927 1493 1109 1554 Alexandri·

13 1586 16 1591 ⁴
126 1577 175 1639 nis
196 1577 343 1654 proiectis
362 1578 454 1659 legati
474 1593 512 1638 ex
533 1576 715 1638 Macedonia
738 1575 975 1653 Quinquatribus
996 1576 1109 1638 ultimis

128 1662 208 1723 adeo
224 1660 397 1737 exspectati
409 1669 568 1736 venerunt,
584 1667 625 1733 ut,
641 1661 702 1720 nisi
717 1675 831 1736 vesper
845 1668 938 1736 esset,
954 1661 1108 1737 extemplo

128 1752 267 1807 senatum
288 1745 425 1806 vocaturi
446 1747 591 1806 consules
611 1742 730 1805 luerint.
766 1751 891 1821 postero
913 1745 962 1806 die
982 1752 1108 1807 senatus

128 1830 181 1891 luit
192 1829 345 1905 legatique
356 1827 451 1891 auditi
462 1835 542 1890 sunt.
563 1827 585 1889 ii
596 1826 855 1889 nuntiantmaiore
867 1828 1003 1903 periculo
1017 1844 1108 1903 quam

127 1915 329 1975 emolumento
346 1911 513 1974 exercitum
533 1927 589 1988 per
608 1912 709 1972 invios
730 1913 826 1974 saltus
847 1911 877 1972 in
896 1910 1108 1973 Macedoniam

125 1996 291 2059 inductum.
311 1995 450 2071 Pieriam,
464 2013 525 2073 qno
532 1996 749 2072 processisset,
759 2011 863 2070 regem
874 2002 995 2065 tenere;
1008 2001 1108 2054 castra

126 2082 235 2142 castris
250 2095 349 2157 prope
359 2081 406 2142 'ita
421 2083 531 2141 collata
545 2094 625 2154 esse,
641 2088 674 2141 ut
684 2078 809 2139 flumine
819 2078 937 2153 Enipeo
949 2076 1106 2139 interiecto

125 2171 295 2225 arceantur.
320 2179 423 2241 neque
436 2179 541 2239 regern
555 2163 712 2239 pugnandi
726 2169 909 2239 potestatem
924 2161 1035 2234 lacere,
1050 2176 1107 2220 nec

124 2248 239 2310 nostris
260 2248 321 2308 vim
342 2249 382 2308 ad
403 2249 574 2323 cogendum
595 2261 675 2308 esse.
711 2245 841 2307 hiemem
859 2245 949 2306 etiam
965 2260 1107 2320 asperam

124 2333 217 2394 rebus
236 2330 379 2407 gerendis
394 2330 605 2393 intervenisse.
638 2331 668 2390 in
684 2330 745 2391 otio
761 2330 883 2390 militem
899 2329 947 2403 ali,
963 2344 1021 2388 nec
1035 2329 1106 2403 plus

125 2433 216 2492 quam
231 2431 288 2476 sex
304 2412 319 2449 *
335 2416 518 2478 trumentum
532 2415 654 2476 habere.
691 2414 895 2475 Macedonum
911 2411 971 2472 dici
986 2411 1107 2487 triginta
1160 2450 1162 2453 -

125 2500 206 2560 milia
221 2505 405 2560 armatorum
420 2515 500 2561 esse.
537 2500 563 2559 si
583 2499 643 2575 Ap.
666 2498 791 2559 claudio
814 2499 896 2558 circa
914 2495 1106 2574 Lychnidum

59 2614 61 2619 ·
125 2583 200 2644 satis
215 2582 336 2642 validus
352 2584 504 2643 exercitus
519 2585 612 2653 toret,
634 2581 775 2658 potuisse
790 2580 912 2656 ancipiti
926 2580 1006 2640 bello
1023 2577 1106 2639 disti·

124 2667 190 2726 neri
203 2668 322 2737 regem=
336 2680 418 2723 nunc
434 2673 464 2725 et
477 2664 613 2739 Appium
626 2674 656 2725 et
668 2666 751 2742 quod
766 2681 835 2726 cum
850 2681 888 2726 eo
900 2662 1045 2740 praesidii
1057 2663 1104 2736 sit,

125 2748 156 2807 in
170 2761 289 2806 summo
305 2746 441 2819 periculo
457 2761 538 2819 csse,
553 2747 611 2806 nisi
625 2764 759 2823 propere
774 2756 826 2809 aut
838 2749 938 2808 iustus
953 2746 1106 2807 exercitus

125 2846 163 2891 co
184 2828 330 2898 mittatur,
351 2835 403 2887 aut
423 2824 465 2887 illi
484 2827 556 2888 inde
581 2829 777 2889 deducantur.
810 2831 850 2890 ad
873 2830 1004 2890 classem
1028 2845 1106 2890 see

125 2911 235 2975 castris
247 2909 1106 2987 proiectossociorumnavaliumpartemmorboaudisse
1145 2986 1147 2989 Ι

125 2998 328 3072 absumptam,
344 3002 470 3071 partem,
487 2993 618 3053 maxime
631 2994 682 3069 qui
693 3009 733 3054 ex
745 2993 848 3055 Sicilia
859 2995 978 3070 luerint,
994 2996 1104 3058 domos
1130 3035 1133 3040 -

124 3099 196 3144 suas
212 3078 326 3154 abisse,
343 3087 373 3141 ct
387 3079 527 3139 homines
541 3076 671 3140 navibus
687 3078 815 3147 deesse;
838 3078 890 3153 qni
905 3076 980 3153 sint,
1003 3094 1117 3155 ncqnc·

125 3163 309 3242 stipendium
324 3164 488 3239 accepisse
499 3176 601 3239 neque
611 3160 791 3223 vestimenta
801 3161 925 3224 habere.
946 3163 1104 3226 Eumenen

124 3253 317 3325 classemque
328 3247 405 3321 eius,
418 3255 573 3322 tamquam
584 3253 676 3308 vento
688 3246 806 3307 adlatas
813 3263 918 3323 naves,
929 3248 998 3309 sine
1009 3261 1104 3308 causa

124 3343 152 3396 et
165 3334 292 3394 uenisse
306 3339 336 3393 et
350 3333 470 3402 abisse;
485 3346 543 3391 nec
557 3330 689 3391 animum
701 3330 768 3392 eius
778 3332 860 3407 regis
872 3336 1016 3393 constare
1027 3323 1103 3387 satis
1162 3396 1165 3407 f

124 3417 232 3479 nisum.
255 3416 334 3476 sicut
348 3417 450 3477 omnia
464 3417 504 3476 de
517 3416 653 3476 Eumene
667 3412 770 3490 dubia,
785 3415 877 3477 Attali
892 3412 1014 3487 egregie
1029 3424 1101 3469 conm

125 3508 252 3561 stantem
266 3499 357 3559 fldem
372 3500 560 3562 nuntiabant.
853 3579 891 3639 ὁ*

293 3603 295 3607 ,
837 3589 852 3639 1
999 3594 1004 3605 .
