2642 4017
232 291 348 352 amna
357 291 490 352 xxxm
509 290 703 353 cranam.
727 291 759 367 [a.
776 295 882 370 caan
1000 290 1041 355 at

78 458 137 503 nem
155 441 392 516 renuntiassent,
418 456 524 517 regum
545 457 671 518 quoque
692 456 799 503 eorum
821 441 1047 520 civitatiumque

77 526 181 601 legatos
194 527 224 586 in
239 530 379 586 senatum
393 525 635 587 introduxerunt.
659 525 767 586 eadem
779 525 930 602 utrimque
942 527 1047 589 iterata

78 624 146 684 quae
165 609 243 671 dicta
262 608 346 685 apud
367 611 486 684 legatos
507 609 537 667 in
552 609 681 670 Graecia
702 616 797 670 eraut·
831 611 921 671 aliam
936 610 1048 672 deinde

75 692 241 767 legationem
267 708 380 753 novam
401 700 520 768 patres,
548 693 636 755 cuius
656 693 802 769 princeps
822 695 882 770 Ap.
903 693 1049 756 Claudius

75 775 128 850 luit
142 776 170 835 in
183 775 395 837 Macedoniam
411 783 441 836 et
454 775 484 836 in
502 776 660 838 Graeciam
676 775 878 838 decreverunt
891 778 931 838 ad
945 777 1048 838 viseu-

74 858 149 934 dum,
166 860 347 920 redditaene
367 859 505 921 civitates
519 859 677 922 Thessalis
694 867 725 920 et
736 860 918 923 Perrhaebis
932 868 1047 922 essent

73 940 168 1002 iisdem
181 943 369 1015 mandatum,
384 950 418 1005 ut
432 944 471 1005 ab
481 946 571 1004 Aeno
586 943 772 1005 etMaronea
785 945 940 1021 praesidia
951 945 1045 1006 dedu-

74 1034 213 1099 cerentur,
234 1027 449 1103 maritimaque
469 1028 569 1088 omnis
582 1026 730 1088 Turaciae
753 1044 808 1089 ora
827 1027 1001 1105 aPhilippo
1017 1035 1048 1090 et

72 1106 279 1172 Macedonibus
308 1110 496 1171 liberaretur.
529 1111 777 1185 Peloponnesum
807 1128 932 1189 qaoque
960 1113 1046 1174 adire

72 1190 145 1267 iussi,
158 1195 239 1255 unde
250 1194 338 1270 prior
348 1192 460 1270 legatio
471 1195 660 1256 discesserat
672 1193 834 1257 incertiore
844 1204 925 1259 statu
935 1212 1046 1272 rerum,

72 1290 150 1348 quam
169 1279 195 1339 si
214 1295 280 1340 non
300 1278 473 1340 venisseat=
496 1295 567 1339 narn
587 1293 684 1355 super
697 1287 799 1341 cetera
812 1280 903 1342 etiam
918 1281 984 1341 sine
999 1295 1044 1339 re·

72 1374 176 1433 sponso
188 1361 319 1437 dimissi,
327 1377 384 1421 nec
397 1361 500 1423 datum
511 1362 686 1439 petentibus
697 1363 962 1425 eratAchaeoram
973 1378 1044 1423 con·

72 1442 168 1505 cilium
200 1445 239 1506 de
262 1462 325 1523 qua
344 1461 379 1506 re
401 1453 549 1522 querente
574 1447 706 1524 graviter
727 1446 761 1521 Q.
784 1447 929 1519 Caecilio,
955 1444 1044 1512 simut

71 1523 310 1592 Lacedaemoniis
337 1528 569 1606 deplorantibus
595 1532 717 1592 moenia
742 1530 856 1604 diruta,
882 1529 1044 1598 abductam

72 1610 179 1685 plebem
192 1615 222 1674 in
236 1611 389 1677 Achaiam
404 1620 436 1675 et
449 1615 674 1685 venumdatum,
692 1613 861 1689 ademptas,
879 1612 991 1689 quibus
1005 1611 1044 1673 ad

72 1707 129 1753 eam
142 1697 217 1757 diem
232 1699 343 1760 civitas
358 1698 502 1772 stetisset,
516 1697 650 1777 Lycurgi
666 1698 768 1773 leges,
782 1697 900 1758 Achaei
915 1697 1046 1758 maxime

74 1779 178 1840 concilii
197 1782 303 1858 negati
321 1780 436 1843 crimen
451 1782 643 1843 excusabant
655 1781 813 1842 recitando
828 1782 942 1857 legem,
965 1795 1046 1857 qaae

73 1859 123 1920 uisi
133 1861 200 1924 belli
216 1865 346 1942 pacisve
360 1881 464 1940 causa,
480 1872 510 1927 at
525 1881 595 1926 cum
611 1864 704 1939 legati
718 1865 757 1925 ab
771 1871 879 1926 senatu
890 1880 959 1926 cum
969 1864 1046 1925 litte·

73 1941 108 2003 ris
121 1954 168 2007 aut
181 1948 305 2027 scriptis
317 1947 468 2011 mandatis
479 1949 627 2022 venirent,
643 1955 760 2010 vetaret
770 1947 863 2008 indici
874 1947 1044 2009 concilium.

75 2041 105 2086 ea
117 2045 152 2089 ne
169 2044 280 2108 postea
301 2034 460 2095 excusatio
482 2040 583 2108 esset,
604 2031 739 2094 ostendit
759 2039 885 2094 senatus
900 2046 993 2092 curae
1006 2031 1045 2092 iis

73 2123 134 2172 esse
146 2114 266 2194 debere,
281 2125 315 2178 ut
324 2117 471 2179 Romanis
482 2117 591 2193 legatis
602 2133 727 2193 semper
737 2117 871 2179 adeundi
883 2114 1044 2178 concilium

73 2196 160 2265 senus
179 2208 317 2275 potestas
338 2202 439 2277 fleret,
462 2202 607 2278 quemad
622 2202 746 2262 modum
761 2199 880 2274 atillis,
903 2198 1044 2276 quotiens

74 2278 179 2356 vellent,
194 2293 320 2347 senatus
335 2285 468 2346 daretur.
865 2351 869 2359 ,

143 2364 276 2431 XXXIV.
297 2367 440 2430 Dimissis
460 2369 498 2429 iis
519 2365 738 2443 legationibus,
760 2364 922 2443 Philippus
941 2380 960 2425 a
978 2364 1045 2426 suis

74 2446 170 2509 certior
188 2453 289 2514 lactus
308 2453 481 2513 cedendum
502 2450 675 2514 civitatibus
696 2450 941 2525 deducendaque
956 2464 1045 2523 prae·

74 2526 141 2591 sidia
158 2549 242 2610 esse,
265 2537 406 2597 infensus
427 2536 568 2598 omnibus
590 2536 620 2595 in
634 2534 801 2596 Maronitas
815 2533 890 2595 iram
907 2531 1046 2594 effundit.

74 2607 232 2695 boemano,
251 2621 303 2695 qui
319 2625 461 2697 praeerat
474 2618 641 2682 maritimae
656 2634 739 2694 orae,
754 2619 887 2692 mandat,
901 2623 935 2678 ut
947 2615 1044 2693 partis

74 2694 208 2764 adversae
222 2703 380 2781 principes
395 2703 590 2765 interficeret
611 2703 662 2763 ille
676 2717 734 2778 per
745 2701 934 2763 Casandrum
949 2717 1030 2778 quen

76 2775 143 2857 dant,
154 2801 244 2850 unum
260 2804 300 2849 ex
313 2787 406 2863 regiis
420 2787 480 2848 iam
495 2787 548 2849 diu
561 2785 748 2848 habitantem
762 2786 937 2860 Maroneae,
953 2793 1045 2849 nocte

75 2856 224 2934 Thracibus
242 2870 430 2934 intromissis
450 2871 534 2931 velut
555 2871 586 2930 in
607 2871 689 2932 bello
711 2876 802 2946 capta
822 2870 899 2931 urbe
919 2869 1044 2931 caedem

75 2941 144 3008 lecit.
169 2953 199 3015 id
212 2956 298 3032 apud
311 2956 469 3017 Romanos
489 2955 608 3030 legatos
628 2961 792 3030 querentes
806 2960 867 3014 tam
882 2952 1047 3024 crudeliter

76 3027 208 3100 adversus
229 3040 374 3101 innoxios
386 3036 570 3113 Maronitas,
593 3045 653 3098 tam
675 3037 810 3114 superbe
824 3036 974 3098 adversus
990 3052 1044 3112 po·

78 3114 165 3181 ouum
177 3123 348 3185 Romanurn
369 3123 496 3197 lactum,
516 3129 551 3182 ut
571 3120 683 3197 quibus
701 3120 870 3183 libertatem
883 3119 1044 3181 restituen-

54 3233 56 3236 -
77 3194 137 3258 dam
150 3218 271 3271 senatus
287 3207 469 3280 censuisset,
484 3205 504 3265 ii
518 3222 575 3282 pro
590 3205 731 3267 hostibus
745 3204 978 3279 trucidarentur,
992 3203 1045 3264 ab·

79 3283 175 3350 ruebat
195 3293 361 3369 quicquam
385 3306 492 3351 eorum
516 3290 612 3350 adse
638 3295 689 3349 aut
714 3303 899 3364 quemquam
920 3303 1046 3348 suorum

81 3369 229 3457 ltdinerm
253 3375 404 3437 seditione
418 3374 497 3434 inter
510 3373 598 3449 ipsos
614 3372 798 3446 dimicatum,
814 3370 945 3433 cumalii
959 3369 1046 3428 adse

82 3443 122 3507 ⁰¹11
139 3457 172 3516 ad
191 3460 358 3521 Eumenem
379 3458 531 3519 civitatem
551 3458 722 3525 traherent;
751 3455 783 3517 id
804 3456 893 3516 facile
914 3452 1046 3513 scituros

82 3539 154 3607 ‘⁸⁸03
173 3548 441 3618 percunctarentur
452 3542 540 3617 ipsos
550 3539 734 3601 Maronitas=
748 3539 832 3599 haud
842 3532 964 3608 dubius,
976 3548 1046 3609 per·
