2642 4017
305 316 420 377 LIBER
434 317 525 378 XLV.
548 317 630 377 CAP.
645 326 690 380 39.
700 325 745 379 40.
767 324 805 392 [a.
819 324 852 378 G.
864 325 927 393 167]
1039 319 1103 384 29³

1 487 2 522 3
118 469 226 547 populi
240 468 371 529 Romani
387 468 574 530 tansvehens
588 470 676 530 redit.
699 487 773 547 pars
788 488 850 533 non
865 469 988 535 minima
998 475 1099 537 trium-

120 553 172 630 phi
197 551 411 613 estvictimae
431 554 670 629 praecedentes,
696 562 730 616 ut
751 561 899 630 appareat
918 555 977 616 diis
998 564 1101 633 grates

119 643 259 713 agentem
279 636 494 711 imperatorem
516 637 636 697 obrem
651 637 806 712 publicam
826 640 905 699 bene
920 647 1038 715 gestam
1053 657 1101 701 re·

119 722 196 781 dire.
219 734 327 780 omnes
341 720 410 780 illas
425 718 579 794 victimas,
602 736 680 795 quas
695 721 886 783 traducendo
901 723 931 782 in
946 723 1100 799 triumpho

119 803 283 877 dedicavit,
297 801 373 863 alias
384 802 444 864 alio
458 804 605 864 caedente
615 803 810 865 mactabitist
832 806 927 882 quidt
945 805 1012 868 illas
1025 823 1099 883 epu·

117 889 166 948 las
186 894 322 960 senatus,
345 903 425 961 quae
440 902 498 947 nec
518 886 637 962 privato
657 889 728 948 loco
749 902 807 948 nec
820 888 944 964 publico
959 891 1101 965 proiano,

119 971 176 1032 sed
198 971 229 1030 in
253 969 402 1045 capitolio
424 971 558 1031 eduntur
575 1003 620 1016 -
639 978 739 1032 uhurn
762 970 918 1034 hominum
933 975 1099 1049 voluptatis

119 1069 215 1114 causa
238 1070 275 1114 an
297 1053 424 1115 deorum
444 1053 664 1129 hominumque
690 1088 733 1100 »-
766 1062 893 1117 auctore
915 1054 981 1117 Ser.
1004 1057 1101 1118 Galba

119 1137 267 1198 turbaturi
282 1138 379 1198 estist
395 1137 430 1197 L.
444 1135 530 1199 Pauli
545 1138 699 1213 triumpho
711 1145 819 1213 portae
830 1140 1031 1202 claudentur?
1043 1157 1098 1201 rex

117 1221 321 1282 Macedonum
330 1220 461 1283 Perseus
476 1236 545 1281 cum
559 1222 665 1282 liberis
683 1227 713 1282 et
725 1222 815 1282 turba
829 1223 889 1284 alia
899 1224 1097 1299 captivorum,

118 1305 219 1380 spolia
232 1304 445 1380 Macedonum,
462 1305 537 1365 citra
550 1304 664 1365 flumen
678 1303 911 1380 relinquentura
936 1308 970 1366 L.
985 1306 1098 1368 Paulus

119 1389 266 1464 privatus,
287 1394 440 1462 tamquam
456 1404 528 1449 rure
541 1387 681 1462 rediens,
696 1403 715 1446 a
729 1395 818 1462 porta
834 1389 957 1449 domum
973 1387 1049 1449 ibita
1069 1398 1098 1450 et

95 1485 97 1487 ·
118 1479 161 1547 tu,
175 1472 320 1545 centurio,
335 1470 433 1546 miles,
450 1470 523 1545 quid
541 1472 580 1532 de
593 1470 778 1547 imperatore
791 1470 887 1531 Paulo
902 1476 1029 1532 senatus
1045 1473 1095 1533 de

118 1556 208 1615 crerit
227 1556 329 1631 potius
351 1570 443 1631 quam
465 1555 539 1629 quid
560 1554 626 1615 Ser.
651 1553 749 1613 Galba
770 1553 935 1627 fabuletur,
958 1554 1046 1625 audi;
1069 1563 1097 1619 et

116 1638 177 1699 hoc
192 1639 295 1700 dicere
309 1654 358 1698 me
373 1639 475 1714 potius
498 1654 590 1713 quam
604 1638 689 1698 illum
704 1636 786 1697 audi.
807 1635 859 1697 ille
873 1635 947 1696 nihil
962 1646 1097 1714 praeter-

117 1739 210 1798 quam
223 1722 318 1799 loqui,
334 1728 365 1782 et
377 1722 410 1782 id
424 1721 526 1796 ipsum
537 1720 687 1781 maledice
698 1735 734 1780 ac
744 1719 885 1796 maligne,
901 1719 1021 1782 didicit=
1037 1737 1095 1798 ego

116 1813 162 1866 ter
176 1812 207 1866 et
220 1806 337 1867 viciens
354 1821 423 1867 cum
444 1805 534 1866 hoste
547 1820 603 1880 per
617 1804 868 1879 provocationem
884 1805 1035 1879 pugnavi3
1058 1821 1097 1865 ex

117 1888 274 1962 omnibus,
299 1903 368 1949 cum
390 1888 502 1963 quibus
523 1903 646 1947 manum
674 1887 832 1962 conserui,
859 1888 959 1963 spolia
978 1889 1096 1959 rettuli3
1143 1917 1148 1922 ·

116 1974 236 2049 insigne
260 1987 375 2047 corpas
400 1971 538 2032 honestis
564 1970 939 2046 cicatricibussomnibus
962 1972 1096 2032 adverso

117 2072 248 2131 corpore
263 2053 417 2130 exceptis,
438 2054 569 2115 habeo.“
590 2054 728 2117 nudasse
742 2052 854 2115 deinde
869 2069 904 2113 se
919 2052 1044 2129 dicitur,
1067 2061 1097 2114 et

116 2155 179 2215 quo
196 2153 338 2214 quaeque
352 2138 432 2199 bello
444 2139 708 2213 vulneraaccepta
719 2145 825 2198 essent
836 2136 1000 2198 rettulisse.
1017 2152 1097 2212 quae

115 2223 351 2297 dum‘ostentat,
366 2222 522 2297 adapertis
537 2223 616 2282 lorte
631 2237 712 2297 quae
726 2221 857 2281 velanda
872 2226 972 2294 erant,
994 2227 1097 2282 tumor

113 2306 272 2382 inguinum
286 2304 436 2380 proximis
450 2306 547 2366 risum
561 2305 665 2367 movit
684 2311 748 2365 tum
768 2349 786 2379 ,‚
795 2304 855 2365 hoc
870 2320 996 2380 quoque
1011 2303 1095 2379 quod

114 2389 249 2451 ridetis“
273 2390 370 2466 inquit
390 2389 447 2466 „in
463 2405 545 2465 equo
563 2389 629 2450 dies
644 2396 815 2464 noctesque
831 2388 1026 2463 persedendo
1041 2387 1095 2447 ha-

115 2474 190 2546 beo;
213 2490 271 2534 nec
293 2473 390 2550 magis
407 2489 458 2534 me
480 2471 547 2536 eius
570 2489 662 2549 quam
684 2472 860 2533 cicatricum
879 2471 985 2532 harum
1000 2471 1097 2546 pudet

114 2559 321 2634 poenitetque,
338 2558 462 2634 quando
477 2574 644 2633 numquam
658 2555 730 2616 mihi
745 2555 963 2632 impedimento
979 2555 1095 2615 adrem

115 2639 269 2717 publicam
288 2642 369 2702 bene
389 2642 556 2717 gerendam
579 2641 660 2703 dorni
675 2640 861 2715 militiaeque
875 2639 940 2700 fuit
961 2654 1019 2714 ego
1034 2638 1094 2699 lroc

114 2725 197 2783 ferro
216 2738 312 2798 saepe
330 2732 472 2785 vexatum
494 2740 607 2800 corpus
628 2731 719 2785 vetus
732 2722 821 2784 miles
842 2722 1091 2784 adolescentibus

114 2803 259 2865 militibus
278 2806 414 2866 ostendi:
437 2806 533 2866 Galba
552 2809 652 2867 nitens
669 2813 700 2867 et
712 2806 862 2881 integrum
879 2806 1023 2867 denudet.
1045 2820 1093 2865 re·

114 2895 241 2960 vocate,
265 2888 290 2948 si
304 2888 439 2963 videtur,
453 2889 580 2962 tribuni,
597 2890 636 2949 ad
651 2888 831 2963 suffragium
845 2887 958 2957 tribum
980 2903 1037 2963 ego
1054 2887 1094 2948 ad

113 2988 182 3046 vos,
198 2969 317 3045 milites,

112 3140 173 3201 XL.
196 3155 344 3200 summam
367 3138 466 3200 omnis
487 3137 597 3213 captivi
622 3138 687 3198 auri
708 3137 886 3212 argentique
907 3137 1044 3199 translati
1059 3136 1092 3176 **

113 3224 233 3284 miliens
255 3222 435 3284 ducentiens
461 3221 559 3283 luisse
583 3221 726 3281 Valerius
747 3221 856 3282 Antias
878 3219 982 3293 tradit;
1013 3236 1094 3297 quae

113 3306 196 3368 baud
212 3308 304 3368 dubie
320 3303 418 3367 maior
431 3306 586 3381 aliquanto
612 3320 730 3364 sunrma
746 3319 784 3363 ex
798 3320 926 3365 numero
939 3306 1092 3380 plaustro-

113 3408 181 3450 rum
203 3389 457 3465 ponderibusque
478 3389 543 3450 auri
562 3388 679 3464 argenti
695 3388 861 3463 generatim
876 3388 914 3447 ab
929 3388 999 3461 ipso
1014 3384 1091 3445 scri-

113 3474 174 3548 ptis
200 3474 340 3534 efficitur.
365 3474 492 3534 alterum
517 3478 633 3532 tantum
659 3479 712 3533 aut
731 3471 761 3531 in
785 3473 897 3532 bellurn
918 3467 1090 3543 proximum

115 3557 308 3632 absumptum
324 3565 376 3617 aut
389 3557 419 3617 in
435 3558 516 3632 luga,
532 3572 600 3618 cum
616 3554 834 3617 Samothracen
849 3557 975 3627 peteret,
1000 3549 1092 3610 dissi-
