<?xml version="1.0" encoding="UTF-8"?>
<!DOCTYPE html PUBLIC "-//W3C//DTD XHTML 1.0 Transitional//EN"
    "http://www.w3.org/TR/xhtml1/DTD/xhtml1-transitional.dtd">
<html xmlns="http://www.w3.org/1999/xhtml" xml:lang="en" lang="en">
 <head>
  <title>
</title>
<meta http-equiv="Content-Type" content="text/html;charset=utf-8" />
  <meta name='ocr-system' content='tesseract 3.04.00' />
  <meta name='ocr-capabilities' content='ocr_page ocr_carea ocr_par ocr_line ocrx_word'/>
</head>
<body>
  <div class='ocr_page' id='page_1' title='image "./aburbeconditali01mlgoog_0268.png"; bbox 0 0 2642 4017; ppageno 0'>
   <div class='ocr_carea' id='block_1_1' title="bbox 243 280 1081 355">
    <p class='ocr_par' dir='ltr' id='par_1_1' title="bbox 243 280 1081 355">
     <span class='ocr_line' id='line_1_1' title="bbox 243 280 1081 355; baseline -0.01 -4"><span class='ocrx_word' id='word_1_1' title='bbox 243 285 307 352; x_wconf 75' lang='lat'><strong>230</strong></span> <span class='ocrx_word' id='word_1_2' title='bbox 333 280 335 285; x_wconf 61' lang='grc'>’</span> <span class='ocrx_word' id='word_1_3' title='bbox 407 285 523 346; x_wconf 74' lang='lat' dir='ltr'>LIBER</span> <span class='ocrx_word' id='word_1_4' title='bbox 536 284 639 344; x_wconf 84' lang='lat' dir='ltr'><strong>XLIV.</strong></span> <span class='ocrx_word' id='word_1_5' title='bbox 662 281 745 344; x_wconf 78' lang='lat' dir='ltr'><strong>CAP.</strong></span> <span class='ocrx_word' id='word_1_6' title='bbox 760 291 805 344; x_wconf 70' lang='lat' dir='ltr'><strong>ii.</strong></span> <span class='ocrx_word' id='word_1_7' title='bbox 817 290 861 343; x_wconf 75' lang='lat'><strong>23.</strong></span> <span class='ocrx_word' id='word_1_8' title='bbox 884 288 921 355; x_wconf 82' lang='lat' dir='ltr'><strong>[a.</strong></span> <span class='ocrx_word' id='word_1_9' title='bbox 937 286 971 340; x_wconf 89' lang='lat' dir='ltr'><strong>U.</strong></span> <span class='ocrx_word' id='word_1_10' title='bbox 983 304 1006 339; x_wconf 89' lang='lat' dir='ltr'><strong>c.</strong></span> <span class='ocrx_word' id='word_1_11' title='bbox 1018 286 1081 354; x_wconf 79' lang='lat' dir='ltr'><strong>sat]</strong></span> 
     </span>
    </p>
   </div>
   <div class='ocr_carea' id='block_1_2' title="bbox 169 430 1233 3119">
    <p class='ocr_par' dir='ltr' id='par_1_2' title="bbox 244 430 1233 1181">
     <span class='ocr_line' id='line_1_2' title="bbox 244 430 1232 500; baseline -0.006 -1"><span class='ocrx_word' id='word_1_12' title='bbox 244 438 364 500; x_wconf 83' lang='lat' dir='ltr'><strong>citatem</strong></span> <span class='ocrx_word' id='word_1_13' title='bbox 384 450 472 497; x_wconf 87' lang='lat' dir='ltr'><strong>suam</strong></span> <span class='ocrx_word' id='word_1_14' title='bbox 494 432 661 495; x_wconf 72' lang='lat' dir='ltr'><strong>contineam</strong></span> <span class='ocrx_word' id='word_1_15' title='bbox 686 448 744 493; x_wconf 91' lang='lat' dir='ltr'><strong>nos</strong></span> <span class='ocrx_word' id='word_1_16' title='bbox 765 430 975 494; x_wconf 80' lang='lat' dir='ltr'><strong>castrensibus</strong></span> <span class='ocrx_word' id='word_1_17' title='bbox 996 430 1135 493; x_wconf 87' lang='lat' dir='ltr'><strong>consiliis</strong></span> <span class='ocrx_word' id='word_1_18' title='bbox 1156 447 1232 493; x_wconf 90' lang='lat' dir='ltr'><strong>con·</strong></span> 
     </span>
     <span class='ocr_line' id='line_1_3' title="bbox 245 514 1233 594; baseline -0.003 -12"><span class='ocrx_word' id='word_1_19' title='bbox 245 528 345 583; x_wconf 89' lang='lat' dir='ltr'><strong>tentos</strong></span> <span class='ocrx_word' id='word_1_20' title='bbox 360 521 479 581; x_wconf 83' lang='lat' dir='ltr'><strong>tuturos</strong></span> <span class='ocrx_word' id='word_1_21' title='bbox 494 531 566 578; x_wconf 89' lang='lat' dir='ltr'><strong>esse</strong></span> <span class='ocrx_word' id='word_1_22' title='bbox 581 515 688 577; x_wconf 85' lang='lat' dir='ltr'><strong>sciat“</strong></span> <span class='ocrx_word' id='word_1_23' title='bbox 710 516 749 577; x_wconf 87' lang='lat' dir='ltr'><strong>ab</strong></span> <span class='ocrx_word' id='word_1_24' title='bbox 763 516 822 577; x_wconf 90' lang='lat' dir='ltr'><strong>hac</strong></span> <span class='ocrx_word' id='word_1_25' title='bbox 837 515 989 592; x_wconf 88' lang='lat' dir='ltr'><strong>contione,</strong></span> <span class='ocrx_word' id='word_1_26' title='bbox 1004 514 1128 591; x_wconf 87' lang='lat' dir='ltr'><strong>Latinis,</strong></span> <span class='ocrx_word' id='word_1_27' title='bbox 1148 532 1233 594; x_wconf 81' lang='lat' dir='ltr'><strong>quae</strong></span> 
     </span>
     <span class='ocr_line' id='line_1_4' title="bbox 244 598 1232 681; baseline -0.005 -15"><span class='ocrx_word' id='word_1_28' title='bbox 244 604 342 681; x_wconf 83' lang='lat' dir='ltr'>pridie</span> <span class='ocrx_word' id='word_1_29' title='bbox 356 603 422 664; x_wconf 87' lang='lat' dir='ltr'><strong>Kal.</strong></span> <span class='ocrx_word' id='word_1_30' title='bbox 438 601 562 679; x_wconf 81' lang='lat' dir='ltr'><strong>Apriles</strong></span> <span class='ocrx_word' id='word_1_31' title='bbox 577 601 708 676; x_wconf 82' lang='lat' dir='ltr'><strong>fuerunt,</strong></span> <span class='ocrx_word' id='word_1_32' title='bbox 722 598 752 660; x_wconf 89' lang='lat' dir='ltr'><strong>in</strong></span> <span class='ocrx_word' id='word_1_33' title='bbox 768 606 871 661; x_wconf 88' lang='lat' dir='ltr'><strong>monte</strong></span> <span class='ocrx_word' id='word_1_34' title='bbox 885 599 1038 661; x_wconf 82' lang='lat' dir='ltr'><strong>sacrificio</strong></span> <span class='ocrx_word' id='word_1_35' title='bbox 1049 601 1105 662; x_wconf 89' lang='lat' dir='ltr'><strong>rite</strong></span> <span class='ocrx_word' id='word_1_36' title='bbox 1117 616 1232 677; x_wconf 85' lang='lat' dir='ltr'><strong>perpe·</strong></span> 
     </span>
     <span class='ocr_line' id='line_1_5' title="bbox 244 683 1231 762; baseline -0.005 -12"><span class='ocrx_word' id='word_1_37' title='bbox 244 696 322 751; x_wconf 88' lang='lat' dir='ltr'><strong>trato</strong></span> <span class='ocrx_word' id='word_1_38' title='bbox 344 687 483 762; x_wconf 86' lang='lat' dir='ltr'><strong>protinus</strong></span> <span class='ocrx_word' id='word_1_39' title='bbox 504 684 576 755; x_wconf 85' lang='lat' dir='ltr'><strong>inde</strong></span> <span class='ocrx_word' id='word_1_40' title='bbox 596 690 628 745; x_wconf 85' lang='lat' dir='ltr'><strong>ct</strong></span> <span class='ocrx_word' id='word_1_41' title='bbox 647 685 808 746; x_wconf 85' lang='lat' dir='ltr'><strong>consulet</strong></span> <span class='ocrx_word' id='word_1_42' title='bbox 828 691 952 761; x_wconf 89' lang='lat' dir='ltr'><strong>praetor</strong></span> <span class='ocrx_word' id='word_1_43' title='bbox 968 683 1021 743; x_wconf 86' lang='lat' dir='ltr'><strong>Cu.</strong></span> <span class='ocrx_word' id='word_1_44' title='bbox 1038 683 1183 746; x_wconf 86' lang='lat' dir='ltr'><strong>Octavius</strong></span> <span class='ocrx_word' id='word_1_45' title='bbox 1197 685 1231 745; x_wconf 91' lang='lat' dir='ltr'><strong>in</strong></span> 
     </span>
     <span class='ocr_line' id='line_1_6' title="bbox 244 767 1232 844; baseline -0.005 -10"><span class='ocrx_word' id='word_1_46' title='bbox 244 768 456 835; x_wconf 88' lang='lat' dir='ltr'><strong>Macedoniam</strong></span> <span class='ocrx_word' id='word_1_47' title='bbox 471 767 601 844; x_wconf 84' lang='lat' dir='ltr'><strong>proiecti</strong></span> <span class='ocrx_word' id='word_1_48' title='bbox 615 774 695 830; x_wconf 89' lang='lat' dir='ltr'><strong>sunt.</strong></span> <span class='ocrx_word' id='word_1_49' title='bbox 718 768 861 829; x_wconf 90' lang='lat' dir='ltr'><strong>traditum</strong></span> <span class='ocrx_word' id='word_1_50' title='bbox 876 776 924 830; x_wconf 88' lang='lat' dir='ltr'><strong>est</strong></span> <span class='ocrx_word' id='word_1_51' title='bbox 937 767 1102 830; x_wconf 88' lang='lat' dir='ltr'><strong>memoriae</strong></span> <span class='ocrx_word' id='word_1_52' title='bbox 1114 769 1232 829; x_wconf 87' lang='lat' dir='ltr'><strong>maiore</strong></span> 
     </span>
     <span class='ocr_line' id='line_1_7' title="bbox 245 852 1230 935; baseline -0.004 -18"><span class='ocrx_word' id='word_1_53' title='bbox 245 873 337 935; x_wconf 78' lang='lat' dir='ltr'><strong>quarn</strong></span> <span class='ocrx_word' id='word_1_54' title='bbox 353 853 445 916; x_wconf 85' lang='lat' dir='ltr'><strong>sotita</strong></span> <span class='ocrx_word' id='word_1_55' title='bbox 459 852 631 929; x_wconf 78' lang='lat' dir='ltr'><strong>frequentia</strong></span> <span class='ocrx_word' id='word_1_56' title='bbox 644 852 897 928; x_wconf 77' lang='lat' dir='ltr'><strong>prosequentium</strong></span> <span class='ocrx_word' id='word_1_57' title='bbox 918 854 1077 913; x_wconf 91' lang='lat' dir='ltr'><strong>consulem</strong></span> <span class='ocrx_word' id='word_1_58' title='bbox 1092 852 1230 914; x_wconf 87' lang='lat' dir='ltr'><strong>celebra·</strong></span> 
     </span>
     <span class='ocr_line' id='line_1_8' title="bbox 244 934 1232 1015; baseline -0.006 -13"><span class='ocrx_word' id='word_1_59' title='bbox 244 948 326 1015; x_wconf 87' lang='lat' dir='ltr'><strong>turn,</strong></span> <span class='ocrx_word' id='word_1_60' title='bbox 350 955 387 1000; x_wconf 91' lang='lat' dir='ltr'><strong>ac</strong></span> <span class='ocrx_word' id='word_1_61' title='bbox 412 952 510 1014; x_wconf 92' lang='lat' dir='ltr'><strong>prope</strong></span> <span class='ocrx_word' id='word_1_62' title='bbox 531 943 615 997; x_wconf 88' lang='lat' dir='ltr'><strong>certa</strong></span> <span class='ocrx_word' id='word_1_63' title='bbox 634 951 693 1012; x_wconf 88' lang='lat' dir='ltr'><strong>spe</strong></span> <span class='ocrx_word' id='word_1_64' title='bbox 716 934 867 998; x_wconf 83' lang='lat' dir='ltr'>ominatos</span> <span class='ocrx_word' id='word_1_65' title='bbox 888 935 1121 1002; x_wconf 78' lang='lat' dir='ltr'><strong>essebomines</strong></span> <span class='ocrx_word' id='word_1_66' title='bbox 1136 937 1232 998; x_wconf 82' lang='lat' dir='ltr'><strong>finem</strong></span> 
     </span>
     <span class='ocr_line' id='line_1_9' title="bbox 245 1020 1230 1097; baseline -0.002 -13"><span class='ocrx_word' id='word_1_67' title='bbox 245 1039 318 1084; x_wconf 90' lang='lat' dir='ltr'><strong>esse</strong></span> <span class='ocrx_word' id='word_1_68' title='bbox 331 1020 532 1083; x_wconf 88' lang='lat' dir='ltr'><strong>Macedonico</strong></span> <span class='ocrx_word' id='word_1_69' title='bbox 549 1020 628 1082; x_wconf 88' lang='lat' dir='ltr'><strong>bello</strong></span> <span class='ocrx_word' id='word_1_70' title='bbox 646 1026 860 1096; x_wconf 87' lang='lat' dir='ltr'><strong>maturumque</strong></span> <span class='ocrx_word' id='word_1_71' title='bbox 874 1020 1005 1080; x_wconf 88' lang='lat' dir='ltr'><strong>reditum</strong></span> <span class='ocrx_word' id='word_1_72' title='bbox 1019 1036 1088 1081; x_wconf 90' lang='lat' dir='ltr'><strong>cum</strong></span> <span class='ocrx_word' id='word_1_73' title='bbox 1103 1021 1230 1097; x_wconf 77' lang='lat' dir='ltr'><strong>egregio</strong></span> 
     </span>
     <span class='ocr_line' id='line_1_10' title="bbox 245 1104 640 1181; baseline -0.015 -12"><span class='ocrx_word' id='word_1_74' title='bbox 245 1105 397 1181; x_wconf 86' lang='lat' dir='ltr'><strong>triumpho</strong></span> <span class='ocrx_word' id='word_1_75' title='bbox 413 1104 550 1165; x_wconf 85' lang='lat' dir='ltr'><strong>consulis</strong></span> <span class='ocrx_word' id='word_1_76' title='bbox 565 1104 640 1164; x_wconf 86' lang='lat' dir='ltr'><strong>iore.</strong></span> 
     </span>
    </p>

    <p class='ocr_par' dir='ltr' id='par_1_3' title="bbox 169 1187 1232 3119">
     <span class='ocr_line' id='line_1_11' title="bbox 328 1187 1231 1263; baseline 0 -14"><span class='ocrx_word' id='word_1_77' title='bbox 328 1189 432 1249; x_wconf 80' lang='lat' dir='ltr'><strong>xxm.</strong></span> <span class='ocrx_word' id='word_1_78' title='bbox 455 1189 534 1250; x_wconf 85' lang='lat' dir='ltr'><strong>Dum</strong></span> <span class='ocrx_word' id='word_1_79' title='bbox 548 1187 625 1248; x_wconf 90' lang='lat' dir='ltr'><strong>haec</strong></span> <span class='ocrx_word' id='word_1_80' title='bbox 642 1188 673 1249; x_wconf 92' lang='lat' dir='ltr'><strong>in</strong></span> <span class='ocrx_word' id='word_1_81' title='bbox 695 1189 779 1250; x_wconf 86' lang='lat' dir='ltr'><strong>italia</strong></span> <span class='ocrx_word' id='word_1_82' title='bbox 799 1194 962 1263; x_wconf 81' lang='lat' dir='ltr'><strong>geruntur,</strong></span> <span class='ocrx_word' id='word_1_83' title='bbox 988 1187 1121 1249; x_wconf 89' lang='lat' dir='ltr'><strong>Perseus</strong></span> <span class='ocrx_word' id='word_1_84' title='bbox 1143 1188 1231 1263; x_wconf 92' lang='lat' dir='ltr'><strong>quod</strong></span> 
     </span>
     <span class='ocr_line' id='line_1_12' title="bbox 244 1271 1232 1349; baseline -0.004 -13"><span class='ocrx_word' id='word_1_85' title='bbox 244 1275 305 1336; x_wconf 89' lang='lat' dir='ltr'><strong>iam</strong></span> <span class='ocrx_word' id='word_1_86' title='bbox 318 1274 492 1335; x_wconf 89' lang='lat' dir='ltr'><strong>inchoatum</strong></span> <span class='ocrx_word' id='word_1_87' title='bbox 503 1272 662 1349; x_wconf 81' lang='lat' dir='ltr'><strong>perticere,</strong></span> <span class='ocrx_word' id='word_1_88' title='bbox 684 1273 909 1349; x_wconf 88' lang='lat' dir='ltr'><strong>quiainrpensa</strong></span> <span class='ocrx_word' id='word_1_89' title='bbox 919 1272 1072 1348; x_wconf 86' lang='lat' dir='ltr'><strong>pecuniae</strong></span> <span class='ocrx_word' id='word_1_90' title='bbox 1088 1271 1232 1333; x_wconf 86' lang='lat' dir='ltr'><strong>iacienda</strong></span> 
     </span>
     <span class='ocr_line' id='line_1_13' title="bbox 244 1355 1232 1435; baseline -0.006 -14"><span class='ocrx_word' id='word_1_91' title='bbox 244 1366 323 1435; x_wconf 86' lang='lat' dir='ltr'><strong>erat,</strong></span> <span class='ocrx_word' id='word_1_92' title='bbox 345 1374 406 1419; x_wconf 92' lang='lat' dir='ltr'><strong>nou</strong></span> <span class='ocrx_word' id='word_1_93' title='bbox 427 1356 593 1417; x_wconf 88' lang='lat' dir='ltr'><strong>inducebat</strong></span> <span class='ocrx_word' id='word_1_94' title='bbox 611 1356 642 1416; x_wconf 89' lang='lat' dir='ltr'><strong>in</strong></span> <span class='ocrx_word' id='word_1_95' title='bbox 663 1357 811 1429; x_wconf 82' lang='lat' dir='ltr'><strong>animum,</strong></span> <span class='ocrx_word' id='word_1_96' title='bbox 838 1363 871 1417; x_wconf 92' lang='lat' dir='ltr'><strong>ut</strong></span> <span class='ocrx_word' id='word_1_97' title='bbox 896 1355 1035 1417; x_wconf 85' lang='lat' dir='ltr'><strong>Gentium</strong></span> <span class='ocrx_word' id='word_1_98' title='bbox 1056 1355 1232 1433; x_wconf 77' lang='lat' dir='ltr'><strong>Illyriorum</strong></span> 
     </span>
     <span class='ocr_line' id='line_1_14' title="bbox 244 1439 1231 1519; baseline -0.004 -15"><span class='ocrx_word' id='word_1_99' title='bbox 244 1460 348 1519; x_wconf 81' lang='lat' dir='ltr'><strong>regern</strong></span> <span class='ocrx_word' id='word_1_100' title='bbox 369 1443 427 1503; x_wconf 92' lang='lat' dir='ltr'><strong>sibi</strong></span> <span class='ocrx_word' id='word_1_101' title='bbox 447 1441 640 1516; x_wconf 79' lang='lat' dir='ltr'><strong>adiungeret,</strong></span> <span class='ocrx_word' id='word_1_102' title='bbox 666 1440 742 1514; x_wconf 87' lang='lat' dir='ltr'><strong>hoc,</strong></span> <span class='ocrx_word' id='word_1_103' title='bbox 767 1448 933 1516; x_wconf 72' lang='lat' dir='ltr'><strong>postquam</strong></span> <span class='ocrx_word' id='word_1_104' title='bbox 959 1439 1092 1501; x_wconf 77' lang='lat' dir='ltr'><strong>intrasse</strong></span> <span class='ocrx_word' id='word_1_105' title='bbox 1117 1441 1231 1515; x_wconf 85' lang='lat' dir='ltr'><strong>saltum</strong></span> 
     </span>
     <span class='ocr_line' id='line_1_15' title="bbox 244 1522 1229 1597; baseline -0.005 -7"><span class='ocrx_word' id='word_1_106' title='bbox 244 1528 401 1590; x_wconf 87' lang='lat' dir='ltr'><strong>Romanos</strong></span> <span class='ocrx_word' id='word_1_107' title='bbox 416 1534 447 1588; x_wconf 90' lang='lat' dir='ltr'><strong>et</strong></span> <span class='ocrx_word' id='word_1_108' title='bbox 460 1526 573 1586; x_wconf 87' lang='lat' dir='ltr'><strong>adesse</strong></span> <span class='ocrx_word' id='word_1_109' title='bbox 588 1523 753 1586; x_wconf 88' lang='lat' dir='ltr'><strong>discrimen</strong></span> <span class='ocrx_word' id='word_1_110' title='bbox 768 1524 905 1586; x_wconf 87' lang='lat' dir='ltr'><strong>ultinrum</strong></span> <span class='ocrx_word' id='word_1_111' title='bbox 919 1523 990 1585; x_wconf 85' lang='lat' dir='ltr'><strong>beili</strong></span> <span class='ocrx_word' id='word_1_112' title='bbox 1006 1522 1229 1597; x_wconf 86' lang='lat' dir='ltr'><strong>animadvertit,</strong></span> 
     </span>
     <span class='ocr_line' id='line_1_16' title="bbox 244 1607 1230 1685; baseline -0.004 -13"><span class='ocrx_word' id='word_1_113' title='bbox 244 1629 307 1672; x_wconf 92' lang='lat' dir='ltr'><strong>non</strong></span> <span class='ocrx_word' id='word_1_114' title='bbox 328 1614 405 1673; x_wconf 87' lang='lat' dir='ltr'><strong>nitra</strong></span> <span class='ocrx_word' id='word_1_115' title='bbox 422 1609 627 1671; x_wconf 81' lang='lat' dir='ltr'><strong>differendum</strong></span> <span class='ocrx_word' id='word_1_116' title='bbox 642 1616 743 1684; x_wconf 87' lang='lat' dir='ltr'><strong>ratus,</strong></span> <span class='ocrx_word' id='word_1_117' title='bbox 764 1625 834 1670; x_wconf 90' lang='lat' dir='ltr'><strong>cum</strong></span> <span class='ocrx_word' id='word_1_118' title='bbox 855 1624 911 1684; x_wconf 90' lang='lat' dir='ltr'><strong>per</strong></span> <span class='ocrx_word' id='word_1_119' title='bbox 931 1607 1075 1685; x_wconf 80' lang='lat' dir='ltr'>Hippiam</span> <span class='ocrx_word' id='word_1_120' title='bbox 1096 1609 1230 1683; x_wconf 77' lang='lat' dir='ltr'><strong>legatum</strong></span> 
     </span>
     <span class='ocr_line' id='line_1_17' title="bbox 245 1692 1230 1773; baseline -0.002 -17"><span class='ocrx_word' id='word_1_121' title='bbox 245 1702 379 1757; x_wconf 88' lang='lat' dir='ltr'><strong>trecenta</strong></span> <span class='ocrx_word' id='word_1_122' title='bbox 398 1694 514 1768; x_wconf 84' lang='lat' dir='ltr'><strong>argenti</strong></span> <span class='ocrx_word' id='word_1_123' title='bbox 536 1694 650 1754; x_wconf 88' lang='lat' dir='ltr'><strong>talenta</strong></span> <span class='ocrx_word' id='word_1_124' title='bbox 663 1701 773 1773; x_wconf 83' lang='lat' dir='ltr'><strong>pactus</strong></span> <span class='ocrx_word' id='word_1_125' title='bbox 788 1700 886 1765; x_wconf 89' lang='lat' dir='ltr'><strong>esset,</strong></span> <span class='ocrx_word' id='word_1_126' title='bbox 906 1692 948 1753; x_wconf 89' lang='lat' dir='ltr'><strong>ita</strong></span> <span class='ocrx_word' id='word_1_127' title='bbox 960 1698 994 1754; x_wconf 86' lang='lat' dir='ltr'><strong>ut</strong></span> <span class='ocrx_word' id='word_1_128' title='bbox 1007 1692 1134 1754; x_wconf 89' lang='lat' dir='ltr'><strong>obsides</strong></span> <span class='ocrx_word' id='word_1_129' title='bbox 1148 1694 1230 1754; x_wconf 88' lang='lat' dir='ltr'><strong>ultro</strong></span> 
     </span>
     <span class='ocr_line' id='line_1_18' title="bbox 246 1775 1230 1854; baseline -0.002 -15"><span class='ocrx_word' id='word_1_130' title='bbox 246 1779 384 1854; x_wconf 89' lang='lat' dir='ltr'><strong>citroque</strong></span> <span class='ocrx_word' id='word_1_131' title='bbox 399 1779 552 1852; x_wconf 89' lang='lat' dir='ltr'><strong>darentur,</strong></span> <span class='ocrx_word' id='word_1_132' title='bbox 574 1776 781 1837; x_wconf 72' lang='lat' dir='ltr'><strong>Pantauchum</strong></span> <span class='ocrx_word' id='word_1_133' title='bbox 796 1776 878 1837; x_wconf 92' lang='lat' dir='ltr'><strong>misit</strong></span> <span class='ocrx_word' id='word_1_134' title='bbox 892 1792 931 1835; x_wconf 88' lang='lat' dir='ltr'><strong>ex</strong></span> <span class='ocrx_word' id='word_1_135' title='bbox 946 1775 1105 1837; x_wconf 82' lang='lat' dir='ltr'><strong>fidissimis</strong></span> <span class='ocrx_word' id='word_1_136' title='bbox 1121 1776 1230 1838; x_wconf 89' lang='lat' dir='ltr'><strong>amicis</strong></span> 
     </span>
     <span class='ocr_line' id='line_1_19' title="bbox 245 1860 1230 1938; baseline -0.001 -15"><span class='ocrx_word' id='word_1_137' title='bbox 245 1863 284 1925; x_wconf 90' lang='lat' dir='ltr'><strong>ad</strong></span> <span class='ocrx_word' id='word_1_138' title='bbox 302 1878 340 1923; x_wconf 84' lang='lat' dir='ltr'><strong>ea</strong></span> <span class='ocrx_word' id='word_1_139' title='bbox 353 1861 550 1938; x_wconf 85' lang='lat' dir='ltr'><strong>perficienda.</strong></span> <span class='ocrx_word' id='word_1_140' title='bbox 576 1861 719 1922; x_wconf 80' lang='lat' dir='ltr'><strong>Meteone</strong></span> <span class='ocrx_word' id='word_1_141' title='bbox 731 1861 906 1922; x_wconf 74' lang='lat' dir='ltr'><strong>Labeatidis</strong></span> <span class='ocrx_word' id='word_1_142' title='bbox 920 1867 1019 1921; x_wconf 85' lang='lat' dir='ltr'><strong>terrae</strong></span> <span class='ocrx_word' id='word_1_143' title='bbox 1032 1860 1230 1922; x_wconf 86' lang='lat' dir='ltr'><strong>Pantauchus</strong></span> 
     </span>
     <span class='ocr_line' id='line_1_20' title="bbox 243 1943 1230 2025; baseline -0.001 -19"><span class='ocrx_word' id='word_1_144' title='bbox 243 1944 309 2022; x_wconf 77' lang='lat' dir='ltr'><strong>regi</strong></span> <span class='ocrx_word' id='word_1_145' title='bbox 323 1945 427 2025; x_wconf 81' lang='lat' dir='ltr'><strong>lllyrio</strong></span> <span class='ocrx_word' id='word_1_146' title='bbox 443 1946 589 2006; x_wconf 72' lang='lat' dir='ltr'><strong>occurritz</strong></span> <span class='ocrx_word' id='word_1_147' title='bbox 604 1944 646 2006; x_wconf 87' lang='lat' dir='ltr'><strong>ibi</strong></span> <span class='ocrx_word' id='word_1_148' title='bbox 660 1951 692 2006; x_wconf 89' lang='lat' dir='ltr'><strong>ct</strong></span> <span class='ocrx_word' id='word_1_149' title='bbox 705 1945 915 2006; x_wconf 89' lang='lat' dir='ltr'><strong>iusiurandum</strong></span> <span class='ocrx_word' id='word_1_150' title='bbox 926 1944 964 2005; x_wconf 89' lang='lat' dir='ltr'><strong>ab</strong></span> <span class='ocrx_word' id='word_1_151' title='bbox 976 1959 1050 2019; x_wconf 81' lang='lat' dir='ltr'><strong>rege</strong></span> <span class='ocrx_word' id='word_1_152' title='bbox 1061 1951 1091 2006; x_wconf 90' lang='lat' dir='ltr'><strong>et</strong></span> <span class='ocrx_word' id='word_1_153' title='bbox 1101 1943 1230 2005; x_wconf 91' lang='lat' dir='ltr'><strong>obsides</strong></span> 
     </span>
     <span class='ocr_line' id='line_1_21' title="bbox 245 2026 1224 2107; baseline -0.003 -15"><span class='ocrx_word' id='word_1_154' title='bbox 245 2029 372 2106; x_wconf 88' lang='lat' dir='ltr'><strong>accepit.</strong></span> <span class='ocrx_word' id='word_1_155' title='bbox 408 2031 521 2091; x_wconf 90' lang='lat' dir='ltr'><strong>missus</strong></span> <span class='ocrx_word' id='word_1_156' title='bbox 537 2036 568 2090; x_wconf 91' lang='lat' dir='ltr'><strong>et</strong></span> <span class='ocrx_word' id='word_1_157' title='bbox 581 2045 600 2089; x_wconf 91' lang='lat' dir='ltr'><strong>a</strong></span> <span class='ocrx_word' id='word_1_158' title='bbox 615 2028 722 2091; x_wconf 88' lang='lat' dir='ltr'><strong>Gentio</strong></span> <span class='ocrx_word' id='word_1_159' title='bbox 738 2035 786 2090; x_wconf 85' lang='lat' dir='ltr'><strong>est</strong></span> <span class='ocrx_word' id='word_1_160' title='bbox 805 2030 923 2104; x_wconf 77' lang='lat' dir='ltr'><strong>legatus</strong></span> <span class='ocrx_word' id='word_1_161' title='bbox 938 2026 1061 2089; x_wconf 86' lang='lat' dir='ltr'><strong>nomine</strong></span> <span class='ocrx_word' id='word_1_162' title='bbox 1077 2027 1224 2107; x_wconf 76' lang='lat' dir='ltr'><strong>Olympio</strong></span> 
     </span>
     <span class='ocr_line' id='line_1_22' title="bbox 249 2111 1229 2192; baseline -0.003 -15"><span class='ocrx_word' id='word_1_163' title='bbox 249 2117 298 2192; x_wconf 67' lang='lat' dir='ltr'><strong>uui</strong></span> <span class='ocrx_word' id='word_1_164' title='bbox 304 2115 513 2177; x_wconf 90' lang='lat' dir='ltr'><strong>iusiurandum</strong></span> <span class='ocrx_word' id='word_1_165' title='bbox 527 2111 670 2175; x_wconf 89' lang='lat' dir='ltr'><strong>aPerseo</strong></span> <span class='ocrx_word' id='word_1_166' title='bbox 682 2112 872 2188; x_wconf 86' lang='lat' dir='ltr'><strong>obsidesque</strong></span> <span class='ocrx_word' id='word_1_167' title='bbox 880 2112 1026 2187; x_wconf 77' lang='lat' dir='ltr'><strong>exigeret.</strong></span> <span class='ocrx_word' id='word_1_168' title='bbox 1042 2112 1229 2174; x_wconf 91' lang='lat' dir='ltr'><strong>cumeodem</strong></span> 
     </span>
     <span class='ocr_line' id='line_1_23' title="bbox 244 2194 1229 2275; baseline -0.004 -14"><span class='ocrx_word' id='word_1_169' title='bbox 244 2202 284 2261; x_wconf 93' lang='lat' dir='ltr'><strong>ad</strong></span> <span class='ocrx_word' id='word_1_170' title='bbox 309 2199 471 2275; x_wconf 83' lang='lat' dir='ltr'><strong>pecuniam</strong></span> <span class='ocrx_word' id='word_1_171' title='bbox 496 2196 707 2274; x_wconf 89' lang='lat' dir='ltr'><strong>accipiendam</strong></span> <span class='ocrx_word' id='word_1_172' title='bbox 728 2194 815 2258; x_wconf 91' lang='lat' dir='ltr'><strong>missi</strong></span> <span class='ocrx_word' id='word_1_173' title='bbox 840 2203 925 2269; x_wconf 83' lang='lat' dir='ltr'><strong>sunt;</strong></span> <span class='ocrx_word' id='word_1_174' title='bbox 953 2202 985 2256; x_wconf 91' lang='lat' dir='ltr'><strong>et</strong></span> <span class='ocrx_word' id='word_1_175' title='bbox 1007 2204 1133 2259; x_wconf 87' lang='lat' dir='ltr'><strong>auctore</strong></span> <span class='ocrx_word' id='word_1_176' title='bbox 1152 2195 1229 2257; x_wconf 87' lang='lat' dir='ltr'><strong>Pan-</strong></span> 
     </span>
     <span class='ocr_line' id='line_1_24' title="bbox 245 2280 1230 2359; baseline -0.003 -15"><span class='ocrx_word' id='word_1_177' title='bbox 245 2284 370 2359; x_wconf 86' lang='lat' dir='ltr'><strong>taucho,</strong></span> <span class='ocrx_word' id='word_1_178' title='bbox 394 2285 445 2359; x_wconf 91' lang='lat' dir='ltr'><strong>qui</strong></span> <span class='ocrx_word' id='word_1_179' title='bbox 459 2282 601 2344; x_wconf 82' lang='lat' dir='ltr'><strong>Rhodum</strong></span> <span class='ocrx_word' id='word_1_180' title='bbox 616 2283 707 2357; x_wconf 80' lang='lat' dir='ltr'><strong>legati</strong></span> <span class='ocrx_word' id='word_1_181' title='bbox 722 2298 792 2343; x_wconf 90' lang='lat' dir='ltr'><strong>cum</strong></span> <span class='ocrx_word' id='word_1_182' title='bbox 805 2280 1028 2342; x_wconf 83' lang='lat' dir='ltr'><strong>Macedonibus</strong></span> <span class='ocrx_word' id='word_1_183' title='bbox 1042 2281 1135 2356; x_wconf 88' lang='lat' dir='ltr'><strong>irent,</strong></span> <span class='ocrx_word' id='word_1_184' title='bbox 1156 2280 1230 2341; x_wconf 89' lang='lat' dir='ltr'><strong>Par-</strong></span> 
     </span>
     <span class='ocr_line' id='line_1_25' title="bbox 243 2364 1231 2441; baseline -0.002 -13"><span class='ocrx_word' id='word_1_185' title='bbox 243 2367 344 2428; x_wconf 88' lang='lat' dir='ltr'><strong>menio</strong></span> <span class='ocrx_word' id='word_1_186' title='bbox 360 2376 390 2429; x_wconf 90' lang='lat' dir='ltr'><strong>et</strong></span> <span class='ocrx_word' id='word_1_187' title='bbox 403 2367 528 2427; x_wconf 89' lang='lat' dir='ltr'><strong>Morcus</strong></span> <span class='ocrx_word' id='word_1_188' title='bbox 546 2364 746 2427; x_wconf 85' lang='lat' dir='ltr'><strong>destinantur.</strong></span> <span class='ocrx_word' id='word_1_189' title='bbox 773 2365 898 2441; x_wconf 68' lang='lat' dir='ltr'><strong>ouibus</strong></span> <span class='ocrx_word' id='word_1_190' title='bbox 919 2365 961 2425; x_wconf 85' lang='lat' dir='ltr'><strong>ita</strong></span> <span class='ocrx_word' id='word_1_191' title='bbox 981 2365 1174 2437; x_wconf 89' lang='lat' dir='ltr'><strong>mandatum,</strong></span> <span class='ocrx_word' id='word_1_192' title='bbox 1197 2372 1231 2426; x_wconf 89' lang='lat' dir='ltr'><strong>ut</strong></span> 
     </span>
     <span class='ocr_line' id='line_1_26' title="bbox 243 2448 1230 2527; baseline -0.004 -14"><span class='ocrx_word' id='word_1_193' title='bbox 243 2450 437 2527; x_wconf 83' lang='lat' dir='ltr'><strong>iureiurando</strong></span> <span class='ocrx_word' id='word_1_194' title='bbox 454 2449 678 2524; x_wconf 85' lang='lat' dir='ltr'><strong>obsidibusque</strong></span> <span class='ocrx_word' id='word_1_195' title='bbox 692 2456 723 2510; x_wconf 90' lang='lat' dir='ltr'><strong>et</strong></span> <span class='ocrx_word' id='word_1_196' title='bbox 733 2448 865 2525; x_wconf 87' lang='lat' dir='ltr'><strong>pecunia</strong></span> <span class='ocrx_word' id='word_1_197' title='bbox 875 2455 1011 2526; x_wconf 81' lang='lat' dir='ltr'><strong>accepta,</strong></span> <span class='ocrx_word' id='word_1_198' title='bbox 1027 2455 1090 2510; x_wconf 91' lang='lat' dir='ltr'><strong>tum</strong></span> <span class='ocrx_word' id='word_1_199' title='bbox 1105 2449 1230 2509; x_wconf 88' lang='lat' dir='ltr'><strong>demum</strong></span> 
     </span>
     <span class='ocr_line' id='line_1_27' title="bbox 243 2532 1230 2611; baseline -0.004 -15"><span class='ocrx_word' id='word_1_200' title='bbox 243 2535 385 2595; x_wconf 86' lang='lat' dir='ltr'><strong>Rhodum</strong></span> <span class='ocrx_word' id='word_1_201' title='bbox 400 2533 680 2607; x_wconf 83' lang='lat' dir='ltr'><strong>proficiscerentur.</strong></span> <span class='ocrx_word' id='word_1_202' title='bbox 716 2532 848 2595; x_wconf 88' lang='lat' dir='ltr'><strong>duorum</strong></span> <span class='ocrx_word' id='word_1_203' title='bbox 869 2534 964 2603; x_wconf 80' lang='lat' dir='ltr'><strong>simui</strong></span> <span class='ocrx_word' id='word_1_204' title='bbox 979 2548 1087 2611; x_wconf 72' lang='lat' dir='ltr'><strong>pegam</strong></span> <span class='ocrx_word' id='word_1_205' title='bbox 1105 2532 1230 2594; x_wconf 87' lang='lat' dir='ltr'><strong>nomine</strong></span> 
     </span>
     <span class='ocr_line' id='line_1_28' title="bbox 242 2614 1230 2692; baseline 0.001 -16"><span class='ocrx_word' id='word_1_206' title='bbox 242 2615 361 2676; x_wconf 90' lang='lat' dir='ltr'><strong>incitari</strong></span> <span class='ocrx_word' id='word_1_207' title='bbox 377 2615 516 2676; x_wconf 89' lang='lat' dir='ltr'><strong>Rhodios</strong></span> <span class='ocrx_word' id='word_1_208' title='bbox 531 2614 571 2673; x_wconf 94' lang='lat' dir='ltr'><strong>ad</strong></span> <span class='ocrx_word' id='word_1_209' title='bbox 592 2614 705 2675; x_wconf 88' lang='lat' dir='ltr'><strong>bellum</strong></span> <span class='ocrx_word' id='word_1_210' title='bbox 724 2616 897 2678; x_wconf 87' lang='lat' dir='ltr'><strong>Romanum</strong></span> <span class='ocrx_word' id='word_1_211' title='bbox 912 2632 1016 2692; x_wconf 87' lang='lat' dir='ltr'><strong>posse.</strong></span> <span class='ocrx_word' id='word_1_212' title='bbox 1055 2617 1230 2677; x_wconf 86' lang='lat' dir='ltr'><strong>adiunctam</strong></span> 
     </span>
     <span class='ocr_line' id='line_1_29' title="bbox 243 2699 1228 2776; baseline 0.002 -18"><span class='ocrx_word' id='word_1_213' title='bbox 243 2699 403 2774; x_wconf 87' lang='lat' dir='ltr'><strong>civitatem,</strong></span> <span class='ocrx_word' id='word_1_214' title='bbox 418 2713 516 2773; x_wconf 87' lang='lat' dir='ltr'><strong>penes</strong></span> <span class='ocrx_word' id='word_1_215' title='bbox 532 2713 624 2773; x_wconf 90' lang='lat' dir='ltr'><strong>quam</strong></span> <span class='ocrx_word' id='word_1_216' title='bbox 639 2714 731 2758; x_wconf 91' lang='lat' dir='ltr'><strong>unam</strong></span> <span class='ocrx_word' id='word_1_217' title='bbox 744 2705 808 2760; x_wconf 91' lang='lat' dir='ltr'><strong>tum</strong></span> <span class='ocrx_word' id='word_1_218' title='bbox 822 2701 868 2762; x_wconf 88' lang='lat' dir='ltr'><strong>rei</strong></span> <span class='ocrx_word' id='word_1_219' title='bbox 889 2702 1006 2761; x_wconf 87' lang='lat' dir='ltr'><strong>navalis</strong></span> <span class='ocrx_word' id='word_1_220' title='bbox 1022 2700 1119 2776; x_wconf 82' lang='lat' dir='ltr'><strong>gioria</strong></span> <span class='ocrx_word' id='word_1_221' title='bbox 1134 2708 1228 2776; x_wconf 83' lang='lat' dir='ltr'><strong>osset,</strong></span> 
     </span>
     <span class='ocr_line' id='line_1_30' title="bbox 242 2781 1229 2859; baseline 0.002 -16"><span class='ocrx_word' id='word_1_222' title='bbox 242 2797 299 2843; x_wconf 91' lang='lat' dir='ltr'><strong>nec</strong></span> <span class='ocrx_word' id='word_1_223' title='bbox 313 2790 395 2844; x_wconf 90' lang='lat' dir='ltr'><strong>terra</strong></span> <span class='ocrx_word' id='word_1_224' title='bbox 409 2796 466 2842; x_wconf 91' lang='lat' dir='ltr'><strong>nec</strong></span> <span class='ocrx_word' id='word_1_225' title='bbox 480 2781 556 2842; x_wconf 91' lang='lat' dir='ltr'><strong>mari</strong></span> <span class='ocrx_word' id='word_1_226' title='bbox 568 2798 656 2859; x_wconf 91' lang='lat' dir='ltr'><strong>spem</strong></span> <span class='ocrx_word' id='word_1_227' title='bbox 670 2782 843 2846; x_wconf 81' lang='lat' dir='ltr'><strong>relicturam</strong></span> <span class='ocrx_word' id='word_1_228' title='bbox 855 2784 1012 2847; x_wconf 88' lang='lat' dir='ltr'><strong>Romanis.</strong></span> <span class='ocrx_word' id='word_1_229' title='bbox 1033 2783 1229 2846; x_wconf 89' lang='lat' dir='ltr'><strong>venientibus</strong></span> 
     </span>
     <span class='ocr_line' id='line_1_31' title="bbox 169 2863 1228 2946; baseline 0.003 -20"><span class='ocrx_word' id='word_1_230' title='bbox 169 2899 173 2907; x_wconf 92' lang='lat'>·</span> <span class='ocrx_word' id='word_1_231' title='bbox 241 2863 353 2946; x_wconf 80' lang='lat' dir='ltr'><strong>illyriis</strong></span> <span class='ocrx_word' id='word_1_232' title='bbox 379 2866 511 2928; x_wconf 88' lang='lat' dir='ltr'><strong>Perseus</strong></span> <span class='ocrx_word' id='word_1_233' title='bbox 537 2867 576 2927; x_wconf 91' lang='lat' dir='ltr'><strong>ab</strong></span> <span class='ocrx_word' id='word_1_234' title='bbox 600 2866 719 2944; x_wconf 82' lang='lat' dir='ltr'><strong>Enipeo</strong></span> <span class='ocrx_word' id='word_1_235' title='bbox 745 2869 827 2930; x_wconf 88' lang='lat' dir='ltr'><strong>amni</strong></span> <span class='ocrx_word' id='word_1_236' title='bbox 852 2886 891 2931; x_wconf 84' lang='lat' dir='ltr'><strong>ex</strong></span> <span class='ocrx_word' id='word_1_237' title='bbox 919 2870 1028 2931; x_wconf 89' lang='lat' dir='ltr'><strong>castris</strong></span> <span class='ocrx_word' id='word_1_238' title='bbox 1055 2866 1228 2930; x_wconf 91' lang='lat' dir='ltr'><strong>cumomni</strong></span> 
     </span>
     <span class='ocr_line' id='line_1_32' title="bbox 242 2952 1227 3028; baseline 0.001 -17"><span class='ocrx_word' id='word_1_239' title='bbox 242 2952 379 3027; x_wconf 73' lang='lat' dir='ltr'><strong>euuiutu</strong></span> <span class='ocrx_word' id='word_1_240' title='bbox 393 2952 552 3028; x_wconf 87' lang='lat' dir='ltr'><strong>proiectus</strong></span> <span class='ocrx_word' id='word_1_241' title='bbox 569 2952 608 3013; x_wconf 92' lang='lat' dir='ltr'><strong>ad</strong></span> <span class='ocrx_word' id='word_1_242' title='bbox 622 2952 712 3014; x_wconf 85' lang='lat' dir='ltr'><strong>Dium</strong></span> <span class='ocrx_word' id='word_1_243' title='bbox 728 2955 869 3015; x_wconf 86' lang='lat' dir='ltr'><strong>occurrit.</strong></span> <span class='ocrx_word' id='word_1_244' title='bbox 906 2954 948 3015; x_wconf 90' lang='lat' dir='ltr'><strong>ibi</strong></span> <span class='ocrx_word' id='word_1_245' title='bbox 964 2970 1002 3015; x_wconf 89' lang='lat' dir='ltr'><strong>ea</strong></span> <span class='ocrx_word' id='word_1_246' title='bbox 1018 2967 1227 3028; x_wconf 65' lang='lat' dir='ltr'><strong>quae‘conve·</strong></span> 
     </span>
     <span class='ocr_line' id='line_1_33' title="bbox 240 3036 1228 3119; baseline 0 -24"><span class='ocrx_word' id='word_1_247' title='bbox 240 3042 353 3097; x_wconf 88' lang='lat' dir='ltr'><strong>nerunt</strong></span> <span class='ocrx_word' id='word_1_248' title='bbox 373 3036 567 3119; x_wconf 79' lang='lat' dir='ltr'><strong>circumfuso</strong></span> <span class='ocrx_word' id='word_1_249' title='bbox 580 3037 701 3113; x_wconf 79' lang='lat' dir='ltr'><strong>agmine</strong></span> <span class='ocrx_word' id='word_1_250' title='bbox 725 3039 862 3114; x_wconf 90' lang='lat' dir='ltr'><strong>equitum</strong></span> <span class='ocrx_word' id='word_1_251' title='bbox 888 3038 984 3113; x_wconf 85' lang='lat' dir='ltr'><strong>iacta,</strong></span> <span class='ocrx_word' id='word_1_252' title='bbox 1007 3053 1087 3115; x_wconf 89' lang='lat' dir='ltr'><strong>quos</strong></span> <span class='ocrx_word' id='word_1_253' title='bbox 1114 3037 1228 3097; x_wconf 90' lang='lat' dir='ltr'><strong>adesse</strong></span> 
     </span>
    </p>
   </div>
   <div class='ocr_carea' id='block_1_3' title="bbox 237 3120 1320 3196">
    <p class='ocr_par' dir='ltr' id='par_1_4' title="bbox 237 3120 1320 3196">
     <span class='ocr_line' id='line_1_34' title="bbox 237 3120 1320 3196; baseline 0.003 -17"><span class='ocrx_word' id='word_1_254' title='bbox 237 3120 359 3181; x_wconf 76' lang='lat' dir='ltr'><strong>foederi</strong></span> <span class='ocrx_word' id='word_1_255' title='bbox 379 3121 516 3182; x_wconf 85' lang='lat' dir='ltr'><strong>sancitae</strong></span> <span class='ocrx_word' id='word_1_256' title='bbox 537 3137 607 3183; x_wconf 90' lang='lat' dir='ltr'><strong>cum</strong></span> <span class='ocrx_word' id='word_1_257' title='bbox 626 3123 734 3183; x_wconf 87' lang='lat' dir='ltr'><strong>Gentio</strong></span> <span class='ocrx_word' id='word_1_258' title='bbox 756 3120 913 3183; x_wconf 91' lang='lat' dir='ltr'><strong>societatis</strong></span> <span class='ocrx_word' id='word_1_259' title='bbox 935 3123 1059 3185; x_wconf 88' lang='lat' dir='ltr'><strong>volebat</strong></span> <span class='ocrx_word' id='word_1_260' title='bbox 1078 3136 1150 3196; x_wconf 87' lang='lat' dir='ltr'><strong>rex,</strong></span> <span class='ocrx_word' id='word_1_261' title='bbox 1173 3120 1227 3180; x_wconf 87' lang='lat' dir='ltr'><strong>aii·</strong></span> <span class='ocrx_word' id='word_1_262' title='bbox 1301 3120 1320 3192; x_wconf 16' lang='lat' dir='ltr'><strong>&#39;A</strong></span> 
     </span>
    </p>
   </div>
   <div class='ocr_carea' id='block_1_4' title="bbox 237 3203 1229 3366">
    <p class='ocr_par' dir='ltr' id='par_1_5' title="bbox 237 3203 1229 3366">
     <span class='ocr_line' id='line_1_35' title="bbox 237 3203 1229 3280; baseline 0.001 -15"><span class='ocrx_word' id='word_1_263' title='bbox 237 3211 389 3280; x_wconf 87' lang='lat' dir='ltr'><strong>quantum</strong></span> <span class='ocrx_word' id='word_1_264' title='bbox 414 3220 482 3265; x_wconf 85' lang='lat' dir='ltr'><strong>earn</strong></span> <span class='ocrx_word' id='word_1_265' title='bbox 507 3220 572 3266; x_wconf 91' lang='lat' dir='ltr'><strong>rem</strong></span> <span class='ocrx_word' id='word_1_266' title='bbox 597 3212 684 3266; x_wconf 89' lang='lat' dir='ltr'><strong>ratus</strong></span> <span class='ocrx_word' id='word_1_267' title='bbox 708 3203 941 3268; x_wconf 84' lang='lat' dir='ltr'><strong>animorumiis</strong></span> <span class='ocrx_word' id='word_1_268' title='bbox 962 3204 1161 3268; x_wconf 78' lang='lat' dir='ltr'><strong>adiecturam&#39;.</strong></span> <span class='ocrx_word' id='word_1_269' title='bbox 1197 3212 1229 3266; x_wconf 90' lang='lat' dir='ltr'><strong>et</strong></span> 
     </span>
     <span class='ocr_line' id='line_1_36' title="bbox 240 3287 1229 3366; baseline -0.001 -17"><span class='ocrx_word' id='word_1_270' title='bbox 240 3288 367 3350; x_wconf 92' lang='lat' dir='ltr'><strong>obsides</strong></span> <span class='ocrx_word' id='word_1_271' title='bbox 381 3287 412 3348; x_wconf 92' lang='lat' dir='ltr'><strong>in</strong></span> <span class='ocrx_word' id='word_1_272' title='bbox 428 3296 596 3365; x_wconf 90' lang='lat' dir='ltr'><strong>conspectu</strong></span> <span class='ocrx_word' id='word_1_273' title='bbox 610 3288 744 3349; x_wconf 90' lang='lat' dir='ltr'><strong>omnium</strong></span> <span class='ocrx_word' id='word_1_274' title='bbox 761 3290 822 3351; x_wconf 90' lang='lat' dir='ltr'><strong>dati</strong></span> <span class='ocrx_word' id='word_1_275' title='bbox 838 3288 1037 3366; x_wconf 79' lang='lat' dir='ltr'><strong>acceptiquc3</strong></span> <span class='ocrx_word' id='word_1_276' title='bbox 1064 3296 1094 3350; x_wconf 90' lang='lat' dir='ltr'><strong>et</strong></span> <span class='ocrx_word' id='word_1_277' title='bbox 1109 3288 1229 3349; x_wconf 80' lang='lat' dir='ltr'><strong>&#39;Pellam</strong></span> 
     </span>
    </p>
   </div>
   <div class='ocr_carea' id='block_1_5' title="bbox 241 3370 1320 3450">
    <p class='ocr_par' dir='ltr' id='par_1_6' title="bbox 241 3370 1320 3450">
     <span class='ocr_line' id='line_1_37' title="bbox 241 3370 1320 3450; baseline 0 -17"><span class='ocrx_word' id='word_1_278' title='bbox 241 3373 281 3433; x_wconf 88' lang='lat' dir='ltr'><strong>ad</strong></span> <span class='ocrx_word' id='word_1_279' title='bbox 296 3372 457 3434; x_wconf 88' lang='lat' dir='ltr'><strong>thesauros</strong></span> <span class='ocrx_word' id='word_1_280' title='bbox 471 3373 575 3446; x_wconf 83' lang='lat' dir='ltr'><strong>regios</strong></span> <span class='ocrx_word' id='word_1_281' title='bbox 591 3372 694 3432; x_wconf 91' lang='lat' dir='ltr'><strong>missis</strong></span> <span class='ocrx_word' id='word_1_282' title='bbox 710 3373 762 3447; x_wconf 93' lang='lat' dir='ltr'><strong>qui</strong></span> <span class='ocrx_word' id='word_1_283' title='bbox 776 3373 939 3448; x_wconf 82' lang='lat' dir='ltr'><strong>pecuniam</strong></span> <span class='ocrx_word' id='word_1_284' title='bbox 957 3374 1149 3450; x_wconf 87' lang='lat' dir='ltr'><strong>acciperent,</strong></span> <span class='ocrx_word' id='word_1_285' title='bbox 1173 3370 1227 3447; x_wconf 90' lang='lat' dir='ltr'><strong>qui</strong></span> <span class='ocrx_word' id='word_1_286' title='bbox 1319 3398 1320 3401; x_wconf 38' lang='lat'>¹</span> 
     </span>
    </p>
   </div>
   <div class='ocr_carea' id='block_1_6' title="bbox 240 3454 1226 3530">
    <p class='ocr_par' dir='ltr' id='par_1_7' title="bbox 240 3454 1226 3530">
     <span class='ocr_line' id='line_1_38' title="bbox 240 3454 1226 3530; baseline 0 -14"><span class='ocrx_word' id='word_1_287' title='bbox 240 3456 382 3517; x_wconf 87' lang='lat' dir='ltr'><strong>Rhodum</strong></span> <span class='ocrx_word' id='word_1_288' title='bbox 397 3456 476 3515; x_wconf 91' lang='lat' dir='ltr'><strong>irent</strong></span> <span class='ocrx_word' id='word_1_289' title='bbox 490 3470 558 3513; x_wconf 91' lang='lat' dir='ltr'><strong>cum</strong></span> <span class='ocrx_word' id='word_1_290' title='bbox 570 3454 681 3530; x_wconf 83' lang='lat' dir='ltr'><strong>illyriis</strong></span> <span class='ocrx_word' id='word_1_291' title='bbox 697 3455 805 3530; x_wconf 81' lang='lat' dir='ltr'><strong>legatis</strong></span> <span class='ocrx_word' id='word_1_292' title='bbox 819 3456 1059 3518; x_wconf 84' lang='lat' dir='ltr'><strong>Thessalonicae</strong></span> <span class='ocrx_word' id='word_1_293' title='bbox 1074 3462 1226 3517; x_wconf 86' lang='lat' dir='ltr'><strong>conscen-</strong></span> 
     </span>
    </p>
   </div>
   <div class='ocr_carea' id='block_1_7' title="bbox 239 3534 1319 3615">
    <p class='ocr_par' dir='ltr' id='par_1_8' title="bbox 239 3534 1319 3615">
     <span class='ocr_line' id='line_1_39' title="bbox 239 3534 1319 3615; baseline 0.002 -18"><span class='ocrx_word' id='word_1_294' title='bbox 239 3538 313 3598; x_wconf 88' lang='lat' dir='ltr'><strong>dere</strong></span> <span class='ocrx_word' id='word_1_295' title='bbox 337 3538 425 3601; x_wconf 87' lang='lat' dir='ltr'><strong>iussi.</strong></span> <span class='ocrx_word' id='word_1_296' title='bbox 460 3534 502 3596; x_wconf 92' lang='lat' dir='ltr'><strong>ibi</strong></span> <span class='ocrx_word' id='word_1_297' title='bbox 525 3536 720 3597; x_wconf 82' lang='lat' dir='ltr'><strong>Metrodorus</strong></span> <span class='ocrx_word' id='word_1_298' title='bbox 746 3545 827 3613; x_wconf 88' lang='lat' dir='ltr'><strong>erat,</strong></span> <span class='ocrx_word' id='word_1_299' title='bbox 855 3540 908 3615; x_wconf 89' lang='lat' dir='ltr'><strong>qui</strong></span> <span class='ocrx_word' id='word_1_300' title='bbox 928 3546 1033 3615; x_wconf 81' lang='lat' dir='ltr'><strong>nuper</strong></span> <span class='ocrx_word' id='word_1_301' title='bbox 1052 3539 1091 3599; x_wconf 89' lang='lat' dir='ltr'><strong>ab</strong></span> <span class='ocrx_word' id='word_1_302' title='bbox 1112 3538 1225 3601; x_wconf 88' lang='lat' dir='ltr'><strong>Rhodo</strong></span> <span class='ocrx_word' id='word_1_303' title='bbox 1318 3534 1319 3591; x_wconf 67' lang='lat' dir='ltr'><strong>i</strong></span> 
     </span>
    </p>
   </div>
   <div class='ocr_carea' id='block_1_8' title="bbox 0 0 1326 4017">
    <p class='ocr_par' dir='ltr' id='par_1_9' title="bbox 0 0 1326 4017">
     <span class='ocr_line' id='line_1_40' title="bbox 0 0 1326 4017; baseline 0 0"><span class='ocrx_word' id='word_1_304' title='bbox 0 0 1326 4017; x_wconf 95' lang='lat' dir='ltr'><strong> </strong></span> 
     </span>
    </p>
   </div>
  </div>
 </body>
</html>
