2642 4017
209 218 211 221 ⁵
324 261 952 335 LIBERXLIII.GAP.16.17.[a.C.169]
1060 261 1128 325 roe

147 415 233 493 qnod
253 413 284 474 in
304 413 399 473 multa
420 383 664 488 pignoribusque
684 412 766 486 eius,
790 414 842 490 qul
855 412 1009 476 tribunum
1023 419 1128 493 appel-

147 503 251 572 lasset,
263 494 477 557 inttroessioni
488 506 550 556 non
561 496 710 571 parendo,
721 512 757 557 se
768 497 799 557 in
812 498 952 560 ordinem
958 502 1128 575 eoepissem

146 584 178 643 c.
194 579 322 641 claudio
343 579 424 638 diem
444 579 535 659 dixit,
556 580 640 655 quod
654 580 831 642 contionem
843 582 883 642 ab
897 597 935 643 se
947 592 1128 653 evocassem
1241 620 1247 629 ·

145 674 177 727 et
189 663 313 739 utrique
327 662 452 724 censori
465 663 708 738 perduellionem
719 676 757 726 se
765 665 904 726 iudieare
913 667 1128 742 pronuntiavit,

145 749 291 824 dienmne
315 745 446 806 comitiis
472 746 542 807 ad.
563 745 703 822 Sulpicio
727 757 869 823 praetore
893 750 1014 812 urbam
1033 749 1129 828 petiit

84 828 90 837 '
147 849 210 894 non
229 830 446 891 recusantibus
468 831 651 891 tonsoribus
677 829 732 907 qui
756 833 857 894 minus
881 834 981 909 pnmo
1001 849 1129 911 quoque

144 926 286 991 tempore
309 913 456 975 iudicium
483 915 575 995 dese
599 916 733 990 populus
758 916 889 992 feceret,
914 915 1041 980 inante
1060 918 1128 979 dies

145 1008 288 1065 oeuvum
303 1006 333 1059 et
345 999 510 1073 septimam
520 998 587 1058 Kal.
602 998 750 1061 Octobres
764 1001 896 1062 comitiis
906 1000 1128 1076 perduellionis

144 1086 228 1145 dieta
242 1081 320 1142 oles
343 1094 490 1143 oensores
505 1084 660 1158 extemplo
675 1083 706 1143 in
720 1082 830 1145 str‘srm
842 1084 1006 1148 Libertstis
1017 1101 1127 1148 escen·

121 1202 124 1207 -
146 1169 264 1240 derunt,
281 1173 312 1226 et
326 1166 368 1226 ibi
383 1166 510 1241 signatis
520 1166 641 1227 tabellis
651 1166 967 1246 publioiseleusoque
976 1170 1128 1233 tabulario

142 1259 177 1312 et
198 1250 336 1310 dimissis
356 1252 459 1310 servis
478 1250 609 1325 publlots
631 1258 837 1327 reparantes
857 1254 944 1327 prius
961 1255 1127 1331 quiequam

143 1332 260 1412 pallini
280 1332 396 1408 negotii
409 1336 568 1409 gesturros,
590 1346 685 1409 quan
694 1333 842 1396 iudicium
857 1337 965 1411 populi
978 1337 1021 1396 da
1033 1351 1070 1397 se
1083 1337 1127 1396 fa-

145 1425 226 1478 ctum
242 1424 334 1477 esset.
357 1417 442 1492 prior
457 1416 602 1478 Claudius
617 1432 744 1479 eausam
759 1417 854 1488 disits
870 1427 900 1480 et
913 1430 984 1478 emt
997 1435 1036 1478 ex
1051 1419 1127 1481 dno·

145 1500 246 1562 decim
266 1501 412 1561 centuriis
435 1501 572 1576 equitum
593 1509 664 1561 ooto
686 1512 849 1562 oensorem
869 1501 1129 1563 eondemnassent

144 1586 322 1661 multaeque
336 1583 416 1644 aliae
429 1584 547 1660 primae
563 1584 691 1655 elassis,
710 1587 868 1659 extemplo
882 1584 1039 1661 prinsipes
1054 1584 1127 1646 eivi-

143 1670 216 1731 talls
236 1668 268 1728 in
288 1676 460 1744 conspeetu
485 1667 593 1743 populi
614 1667 734 1727 maniis
755 1668 859 1729 aureis
878 1667 989 1743 positis
1010 1673 1128 1731 vestem

143 1760 306 1828 mutarent
317 1759 352 1813 nt
362 1752 521 1828 snppliees
533 1751 654 1826 plebem
666 1749 869 1833 oiremmrent
884 1753 1017 1813 manime
1025 1760 1127 1814 tamen

144 1836 325 1898 sententiam
345 1837 478 1897 vertisse
499 1835 609 1895 dieitur
621 1835 666 1894 Ti.
683 1834 855 1910 Granouas,
880 1837 966 1912 quod
981 1852 1050 1898 eum
1066 1838 1127 1897 da·

144 1937 213 1982 mor
232 1921 370 1996 undique
390 1919 490 1995 plebis
508 1925 596 1979 esset
616 1918 786 1994 perieulum
806 1919 944 1982 tlraoolro
966 1934 1028 1982 non
1044 1934 1126 1994 esse,

52 2020 57 2029 ·
83 2052 85 2056 s
143 2003 304 2081 conseptis
320 2005 422 2065 verbis
437 2003 562 2077 iursvit,
582 2002 610 2062 sl
631 2003 752 2077 eollega
767 2003 929 2064 desnnotus
943 2009 1044 2078 esset,
1064 2018 1125 2063 non

144 2094 325 2164 exspectate
350 2090 390 2149 de
417 2103 453 2148 se
474 2086 589 2148 iudidio
609 2085 752 2149 domitent
775 2086 876 2147 exsilii
895 2087 963 2147 eine
984 2088 1125 2158 lutrinum

144 2174 224 2234 adeo
239 2179 340 2233 lamen
355 2173 396 2232 ad
411 2178 580 2232 extremum
600 2171 669 2246 spei
681 2170 766 2231 venit
778 2185 867 2243 reue,
888 2177 922 2231 ut
935 2176 1006 2231 noto
1022 2176 1125 2230 centu

143 2257 208 2317 riae
222 2257 262 2316 nd
277 2254 502 2317 damnationem
516 2254 677 2316 doluerint
692 2253 835 2315 absoluto
848 2215 975 2315 &laedio
987 2253 1126 2363 tribrmirs

144 2339 244 2416 plebis
259 2340 384 2415 negavit
397 2355 433 2399 se
446 2338 618 2400 iiraoolmm
632 2336 756 2399 morari.

153 2438 156 2442 ·
227 2425 321 2484 XVII.
342 2424 388 2484 Eo
410 2434 491 2485 anno
506 2421 734 2499 postulantibus
748 2420 994 2496 Aquileiensium
1008 2419 1125 2494 legatis,
1222 2409 1226 2416 ’

143 2517 177 2569 ut
201 2523 361 2569 numerum
390 2509 570 2568 menarum
594 2513 757 2582 angerent,
782 2505 864 2566 mille
889 2510 921 2564 et
938 2501 1127 2579 quingentae

14 2648 18 2655 .
143 2592 276 2650 familiae
287 2606 327 2650 ex
338 2598 464 2652 senatus
476 2593 617 2651 consulto
629 2591 773 2666 scriptae,
786 2588 1126 2664 triumvirique'quieas

144 2673 335 2732 deduoerent
348 2672 436 2733 missi
449 2681 521 2733 srnt
530 2675 564 2732 T.
575 2675 694 2734 Annius
708 2674 829 2734 Lassus
840 2673 872 2733 Ρ.
883 2674 997 2734 Decius
1008 2670 1126 2732 Subulo

144 2755 185 2812 Μ.
205 2753 365 2812 cornelius
386 2755 548 2828 cethegus„
579 2757 690 2815 eodem
711 2769 791 2816 anno
812 2757 844 2816 e
864 2757 1013 2831 Popillius
1028 2762 1059 2816 el
1073 2754 1126 2813 On.

146 2834 290 2901 Octavius
302 2836 402 2910 legati,
419 2837 517 2910 quiin
529 2838 689 2897 Graeoiam
703 2839 790 2898 missi
802 2847 899 2911 mant,
912 2846 1041 2899 senatus
1053 2853 1126 2898 oon-

145 2920 259 2980 snltum
279 2918 391 2979 Thebis
412 2919 543 2994 primum
557 2920 716 2981 recitatum
730 2936 786 2995 per
800 2937 908 2981 omnes
921 2920 1127 2998 Peloponnesi

143 3003 238 3064 urbes
253 3004 512 3075 eirenmuulerunt,
535 3018 575 3062 ne
590 3003 658 3075 oms
673 3004 765 3062 ullam
778 3018 844 3063 rem
858 3002 888 3063 in
903 3003 1017 3065 bellum
1031 3002 1126 3079 magi·

144 3087 290 3148 stratibus
312 3087 461 3148 Romanis
481 3088 637 3147 oonierret
655 3094 870 3162 praeterquam
892 3089 978 3164 quod
997 3095 1125 3150 senalus

144 3173 326 3233 censuisset.
346 3171 407 3233 hoo
418 3171 565 3232 fiduoiam
578 3169 610 3230 in
624 3177 783 3245 posterum
795 3186 921 3247 quoque
932 3170 1126 3249 praebuerim

142 3257 262 3317 levatos
278 3272 313 3317 se
329 3256 538 3331 oneribusque
552 3255 773 3330 impensisque,
790 3255 903 3330 quibus
913 3256 975 3317 mla
988 3257 1056 3315 aliis
1071 3255 1125 3313 im·

142 3340 321 3415 perentibus
333 3340 599 3401 exhauriebantur.
614 3339 752 3401 Achaim
764 3341 897 3402 eondiio
903 3340 993 3413 Aegii
1004 3339 1041 3396 iis
1050 3337 1125 3396 dato

142 3422 274 3499 benigne
288 3425 381 3485 loeuti
394 3424 562 3500 auditique,
579 3424 703 3500 egregio
717 3439 775 3499 spe
789 3425 881 3485 futuri
895 3429 995 3483 status
1009 3417 1124 3479 fidissi-

143 3522 193 3564 ma
217 3514 308 3582 gente
332 3510 456 3580 relictas
478 3510 508 3567 in
522 3509 676 3569 Aetoliam
701 3508 895 3568 traiecerunt.
924 3504 966 3562 ibi
987 3502 1123 3588 nondum
