2642 4017
209 270 324 331 LlBER
339 271 429 330 xlv.
451 270 533 330 οΑΡ.
547 279 590 331 15.
606 278 649 333 ro.
665 272 701 348 [a.
717 276 750 330 o.
764 295 787 329 a.
797 279 860 334 aas.
871 294 894 330 a.
909 278 942 332 c.
955 274 1016 351 167]
1042 269 1105 336 267

121 425 234 485 nedum
255 423 355 483 ordini
376 423 519 484 universo
542 423 676 484 adimere
696 439 802 498 posse.
838 428 1055 501 nequeenim,
1076 428 1104 490 si

120 508 198 569 tribu
220 521 346 568 movere
366 515 488 582 posset,
511 507 595 582 quod
616 508 657 568 sit
677 507 751 568 nihil
772 508 854 568 aliud
876 525 968 584 quarn
988 517 1104 572 mutare

119 593 224 652 iubere
237 591 358 665 tribum,
373 590 443 650 ideo
459 589 599 651 omnibus
619 590 756 666 quinque
776 598 807 652 et
826 592 949 667 triginta
962 594 1102 655 tribubus

119 690 262 735 amovere
283 689 394 749 posse,
419 674 450 734 id
473 681 521 734 est
541 674 693 735 elumbem
714 673 945 752 libertatemque
966 677 1103 753 eripere;

119 775 181 820 non
194 758 247 819 ubi
262 765 425 818 censeatur
439 757 535 829 linire,
552 757 608 817 sed
623 772 720 819 censu
735 758 909 819 excludere.
932 759 1010 820 baec
1024 760 1103 821 inter

118 845 206 919 ipsos
224 842 404 917 disceptata.
427 848 584 916 postremo
596 855 635 901 eo
647 842 833 904 descensum
847 850 903 913 est,
919 849 953 904 ut
964 858 1004 903 ex
1016 853 1104 920 quat·

117 934 188 988 tuor
202 926 328 986 urbanis
342 924 482 986 tribubus
493 941 584 986 unam
599 927 701 1001 palam
722 926 751 985 in
773 925 849 987 atrio
862 925 1024 989 Libertatis
1036 944 1102 990 sor·

117 1010 261 1081 tirentur,
282 1009 312 1068 in
335 1025 425 1082 quam
447 1024 554 1071 omnes
576 1009 628 1085 qui
644 1009 820 1072 servitutem
836 1010 1005 1072 servissent
1018 1009 1103 1074 coni·

119 1099 232 1153 carent.
253 1092 507 1168 Esquilinaesors
514 1093 604 1153 exiit:
618 1093 649 1152 in
661 1109 699 1154 ea
709 1094 753 1155 Ti.
761 1093 918 1155 Gracchus
925 1096 1102 1170 pronuntia-

119 1178 162 1237 vit
172 1175 329 1237 libertinos
345 1192 451 1238 ornnes
466 1175 587 1238 censeri
601 1178 733 1252 placere.
755 1193 866 1254 magno
882 1193 919 1239 ea
929 1194 981 1240 res
992 1178 1103 1241 honori

119 1260 300 1320 censoribus
312 1261 396 1336 apud
408 1267 545 1321 senaturn
557 1260 622 1321 iuit.
639 1260 760 1335 malind
767 1270 855 1323 actae
865 1269 895 1322 et
907 1260 1100 1338 Sempronio,

122 1345 174 1418 qui
189 1343 219 1404 in
234 1344 315 1404 bene
329 1352 440 1419 coepto
455 1352 696 1420 perseverasset,
712 1350 743 1404 et
758 1345 893 1418 Claudio,
908 1345 961 1420 qui
972 1360 1033 1405 non
1048 1346 1103 1405 lm·

120 1427 266 1502 pedisset.
306 1429 411 1503 plures
427 1444 518 1503 quam
534 1428 573 1487 ab
588 1426 801 1503 superioribus
824 1434 854 1487 et
869 1434 978 1489 senatu
992 1427 1101 1490 remoti

120 1518 191 1571 sunt
205 1519 235 1571 et
248 1526 348 1587 equos
364 1512 497 1572 vendere
511 1510 597 1571 iussi.
634 1526 741 1572 omnes
763 1509 856 1571 iidem
873 1510 912 1570 ab
926 1517 1058 1587 utroque
1072 1518 1103 1571 et

120 1595 199 1654 tribu
212 1596 285 1656 moti
300 1601 331 1655 et
344 1595 454 1655 aerarii
470 1594 557 1663 iacti;
582 1608 684 1669 neque
698 1593 799 1666 ullius,
821 1608 912 1668 quern
926 1595 1003 1654 aiter
1016 1601 1102 1654 nota·

121 1686 176 1750 ret,
198 1679 238 1738 ab
254 1680 348 1740 altero
368 1680 468 1740 levata
482 1676 657 1753 ignominia.
693 1677 882 1752 petentibus,
902 1685 936 1738 ut
956 1693 996 1738 ex
1016 1677 1100 1739 insil-

120 1769 182 1822 tuto
205 1763 245 1822 ad
266 1770 349 1823 sarta
369 1770 450 1823 tecta
470 1761 621 1836 exigenda
635 1767 666 1821 et
680 1760 720 1821 ad
740 1776 836 1837 opera
851 1777 931 1836 quaa
946 1763 1103 1824 locassent

82 1892 83 1895 .
120 1844 279 1920 probanda
293 1847 365 1905 anni
379 1854 409 1907 et
424 1861 480 1906 sex
494 1859 634 1905 mensum
648 1852 771 1920 ternpus
793 1853 1025 1920 prorogaretur,
1048 1845 1101 1906 (in.

117 1928 296 1989 Tremellius
320 1930 475 2001 tribunus,
503 1929 575 2003 quia
599 1928 697 1990 lectus
722 1936 870 1989 nouerat
892 1927 923 1988 in
949 1935 1101 2005 senatum,

119 2013 301 2073 intercessit.
357 2014 359 2017 ’

202 2096 319 2155 Eodem
341 2111 422 2156 anno
443 2095 474 2156 C.
497 2095 650 2156 Cicereius
673 2097 781 2157 aedem
798 2094 939 2156 Monetae
952 2092 984 2155 in
999 2100 1102 2155 monte

122 2179 240 2239 Albano
256 2178 409 2239 dedicavit
423 2178 631 2254 quinquennio
647 2188 733 2255 post,
755 2195 846 2254 quarn
859 2177 952 2239 vovit.
989 2176 1101 2238 ilamen

120 2263 264 2323 Martialis
280 2263 478 2339 inauguratus
499 2271 548 2324 est
567 2279 605 2325 eo
622 2278 705 2324 anno
725 2263 760 2322 L.
773 2262 946 2325 Postumius
960 2260 1100 2323 Albinus.

198 2346 277 2408 XVI.
301 2346 336 2422 Ω.
349 2346 440 2408 Aelio
453 2346 493 2407 Μ.
509 2346 595 2407 lunio
610 2346 790 2409 consulibus
811 2348 850 2407 de
870 2345 1038 2422 provinciis
1052 2360 1102 2405 re·

120 2431 287 2491 terentibus
315 2447 464 2492 censuere
486 2437 591 2506 patres
616 2432 694 2492 duas
720 2430 896 2506 provincias
921 2428 1101 2504 Hispaniam

119 2531 226 2575 rursus
245 2513 327 2589 fieri,
349 2531 428 2590 quae
448 2531 510 2575 una
530 2530 586 2591 per
606 2517 718 2577 bellum
739 2513 971 2575 Macedonicum
986 2513 1101 2581 fueram

120 2604 150 2657 et
173 2597 397 2659 Macedoniani
410 2601 629 2678 Illyricumque
652 2600 789 2674 eosdem,
814 2599 848 2658 L.
868 2597 995 2658 Paulum
1016 2604 1046 2657 et
1067 2595 1101 2655 L.

120 2681 275 2754 Anicium,
297 2683 443 2757 obtinere,
466 2684 566 2745 donec
581 2684 620 2744 de
638 2681 789 2744 sententia
809 2683 978 2758 legatorum
999 2696 1051 2741 res
1071 2687 1102 2739 et

120 2762 201 2821 bello
226 2763 363 2823 turbatas
388 2771 418 2824 et
441 2765 471 2824 in
495 2773 606 2826 statum
630 2767 721 2826 alium
743 2782 782 2825 ex
801 2780 897 2841 regno
923 2763 1101 2827 formandas

120 2842 378 2920 composuissent.
413 2848 590 2908 consulibus
603 2846 693 2909 Pisae
712 2857 744 2909 et
757 2847 854 2908 Gallia
876 2850 1017 2909 decretae
1032 2863 1100 2908 cunr

120 2929 199 2989 binis
220 2930 381 3004 lanionibus
398 2933 519 3006 quirun
538 2933 650 2992 maium
672 2931 808 3006 pediturn
828 2938 858 2991 et
875 2932 1012 3005 equiturn
1028 2947 1100 3006 qua·

120 3013 345 3088 dringenorum.
382 3021 556 3098 praetorum
576 3021 676 3076 sortes
691 3015 786 3088 fuere,
809 3013 842 3089 Q.
862 3014 959 3076 Cassii
973 3015 1099 3086 urbana,

118 3098 169 3157 Μ’.
184 3097 313 3156 Iuventii
326 3098 461 3157 Thalnae
475 3096 553 3158 inter
566 3098 764 3174 peregrinos,
779 3097 822 3157 Ti.
840 3098 955 3160 claudii
970 3100 1102 3161 Neronis

121 3181 232 3254 Sicilia,
249 3182 301 3242 Cn.
316 3180 413 3242 Fulvii
427 3182 576 3257 Hispania
590 3182 726 3252 citerior,
751 3181 783 3242 c.
802 3180 909 3243 Licinii
922 3183 1042 3244 Nervae
1054 3183 1101 3243 ul-

119 3263 227 3326 terior..
250 3268 288 3325 A.
303 3265 417 3327 Manlio
433 3267 586 3341 Torquato
610 3263 752 3326 Sardinia
774 3265 956 3328 obvenerat:
984 3265 1101 3340 nequiit

120 3348 164 3407 ire
178 3348 208 3408 in
225 3349 423 3425 provinciam,
438 3351 477 3410 ad
492 3365 543 3410 res
558 3349 706 3425 capitales
717 3351 910 3426 quaerendas
922 3366 962 3411 ex
973 3354 1099 3409 senatus

120 3434 259 3492 consulto
273 3441 420 3494 retentus.

199 3517 245 3575 lte
266 3515 415 3593 prodigiis
437 3517 548 3578 deinde
563 3518 707 3580 nuntiatis
723 3526 849 3579 senatus
864 3521 913 3576 est
930 3514 1089 3573 consultus
