2642 4017
213 257 277 321 am
373 253 489 314 amen
501 251 604 313 xnrv.
619 249 704 311 car.
716 258 758 313 16.
771 258 814 314 n.
831 255 868 323 [a.
880 254 915 306 υ.
928 272 952 307 0.
963 253 1026 321 aaa]

214 418 271 472 cst.
295 408 326 468 c.
343 405 498 480 Sulpicius
512 412 637 480 praetor
652 418 709 463 sex
724 402 805 462 milia
819 410 968 478 togarum,
983 401 1106 479 triginta
1121 407 1199 464 tunl-

215 507 319 555 carutn
340 497 369 550 et
389 503 490 566 equos
509 487 702 562 deportanda
721 488 752 548 in
772 486 984 547 Macedoniam
1007 486 1201 563 praebenda·

216 591 277 654 que
291 575 438 635 arbitratu
456 571 593 633 consulis
613 571 740 646 locavit,
762 579 793 632 et
812 571 921 645 legatis
935 570 1128 645 Epirotarum
1143 586 1198 646 pe·

215 658 336 722 cuniam
351 673 408 733 pro
420 658 571 717 lrumento
583 653 690 727 solvit;
705 661 737 715 et
746 653 924 715 Onesimum
933 653 1082 732 Pythonis
1093 653 1199 730 filiurn,

215 744 348 806 nobilem
362 741 573 815 Macedonem,
587 739 618 798 in
630 745 770 800 senatum
781 738 957 800 introduxit.
980 738 1007 799 is
1018 737 1106 814 pacis
1118 754 1199 798 sem·

217 845 273 904 per
301 833 409 887 auctor
428 822 494 899 regi
514 825 626 898 luerat,
655 829 892 898 monueratqne,
919 822 999 883 sieut
1025 829 1113 897 pater
1131 821 1199 883 eius

216 911 375 986 Philippus
389 907 558 968 institutum
573 922 674 982 usque
688 907 729 968 ad
749 906 887 968 ultimum
900 906 980 967 vitae
998 904 1080 966 diem
1094 921 1200 966 serva·

217 997 269 1057 bat
283 992 421 1069 quotidie
440 990 488 1052 bis
503 990 534 1051 in
552 991 602 1050 dis
617 991 752 1052 laederis
773 988 824 1051 icti
846 1006 914 1051 aum
935 989 1082 1052 Romanis
1099 992 1199 1065 perle-

216 1077 317 1153 gendi,
331 1081 365 1137 ut
378 1091 447 1135 eum
461 1090 586 1148 morem,
603 1075 630 1134 si
644 1091 707 1136 non
722 1089 853 1150 semper,
869 1074 978 1135 crebro
993 1082 1093 1135 umen
1108 1089 1200 1134 usur·

219 1169 314 1238 paret.
352 1165 517 1234 postquam
539 1159 695 1219 deterrere
714 1173 783 1218 sum
804 1174 823 1218 a
842 1158 922 1219 bello
943 1157 1073 1233 nequiit,
1099 1158 1200 1233 primo

218 1243 398 1306 subtrahere
412 1257 485 1302 sese
498 1258 555 1318 per
565 1240 642 1303 alias
653 1249 747 1318 atque
758 1241 835 1302 alias
846 1258 967 1317 causas,
984 1257 1023 1301 ne
1038 1241 1202 1303 interesset

218 1328 265 1405 iis,
282 1342 361 1404 quae
376 1342 437 1387 non
454 1326 611 1401 probabat,
626 1327 743 1401 coepit:
765 1332 923 1401 postremo
938 1342 1008 1387 cum
1021 1333 1201 1402 suspectum

219 1431 254 1475 se
269 1428 342 1474 esse
357 1418 495 1472 demeret
509 1418 540 1471 et
552 1408 736 1486 proditionis
757 1410 908 1471 interdum
930 1410 1056 1471 erimine
1074 1409 1201 1470 insimu-

219 1498 282 1573 lari,
298 1497 337 1558 ad
352 1497 508 1557 Romanos
522 1492 701 1568 transfugit,
723 1508 835 1569 magno
855 1493 926 1555 usui
941 1494 1060 1556 consuli
1074 1493 1138 1553 luit.
1162 1508 1202 1552 ea

218 1582 409 1643 introductus
420 1579 451 1638 in
466 1577 582 1639 curiam
594 1591 665 1637 curn
678 1583 889 1651 memorasset
903 1584 1029 1639 senatus
1045 1577 1075 1636 in
1086 1579 1199 1638 lormu‘

218 1668 279 1725 lam
299 1664 453 1725 sociorum
475 1678 544 1723 eum
565 1662 672 1721 reterri
685 1660 790 1734 iussit,
809 1660 913 1722 locum
933 1659 1027 1722 lautia
1047 1658 1200 1736 praeberi,

220 1748 282 1823 agri
295 1745 458 1821 Tarentini,
473 1747 526 1821 qui
540 1744 684 1822 publicus
693 1745 800 1821 populi
815 1745 944 1806 Romani
959 1754 1052 1820 esset,
1068 1745 1200 1804 ducenta

221 1847 326 1905 angera
340 1829 415 1903 dari,
431 1828 570 1891 etasdes
584 1829 705 1890 Tarenti
720 1829 788 1889 emi.
817 1830 859 1890 uti
880 1845 918 1889 ea
940 1836 1073 1904 curaret,
1094 1827 1125 1888 C.
1140 1827 1201 1888 De·

220 1915 308 1976 simio
324 1914 457 1991 praetori
468 1914 653 1974 mandatnm.

304 1999 456 2061 Censores
472 2013 599 2059 censum
609 1994 713 2058 idibus
723 1997 943 2057 Decembribus
955 1997 1094 2057 severius
1109 2011 1202 2072 quam

219 2090 288 2143 ante
302 2083 488 2143 habuerunt:
509 2081 611 2144 moltis
632 2079 706 2157 equi
719 2080 864 2157 adempti,
884 2081 962 2143 inter
976 2096 1056 2156 quos
1069 2080 1102 2141 P.
1116 2080 1202 2142 Ruti·

220 2167 275 2241 lio,
302 2167 354 2241 qui
378 2167 517 2227 tribunus
542 2164 642 2243 plebis
664 2180 720 2227 eos
746 2163 895 2227 violenter
918 2173 1094 2240 accusarat,
1122 2164 1202 2225 tribu

220 2266 344 2326 quoque
368 2251 396 2311 is
419 2258 521 2312 motus
545 2258 576 2311 et
595 2248 732 2311 aerarius
757 2250 867 2312 lactus.
905 2249 945 2309 ad
965 2264 1060 2325 opera
1080 2248 1203 2326 publica

220 2335 360 2395 iacienda
374 2350 443 2396 cum
458 2335 503 2395 eis
525 2331 683 2396 dimidium
703 2350 744 2396 ex
763 2333 962 2410 vectigalibus
983 2332 1049 2394 eius
1068 2332 1140 2393 anni
1158 2339 1203 2391 at·

218 2419 362 2480 tributum
390 2433 430 2479 ex
458 2423 584 2478 senatus
606 2419 781 2480 consultae
804 2417 1019 2494 quaestoribus
1034 2425 1132 2488 esset,
1156 2413 1201 2475 li.

220 2502 420 2577 Sempronius
437 2515 477 2558 ex
494 2514 532 2559 ea
550 2501 681 2574 mcunia
697 2516 778 2578 quae
789 2501 850 2577 ipsi
861 2500 1003 2562 atributa
1016 2509 1091 2575 erat,
1105 2498 1202 2559 aedes

219 2583 250 2642 P.
265 2583 402 2644 Africani
417 2597 500 2656 pone
511 2583 641 2643 Veteres
655 2584 697 2644 ad
709 2584 870 2646 Vortumni
891 2583 1026 2660 signum,
1047 2582 1199 2644 lanienas·

220 2682 279 2742 que
295 2675 324 2728 et
337 2666 482 2726 tabernas
497 2664 678 2728 coniunctas
697 2669 728 2729 in
746 2667 902 2743 publicum
923 2668 1009 2743 emit,
1029 2664 1203 2728 basilicam-

220 2766 281 2825 quc
295 2750 466 2810 taciendam
481 2748 613 2825 curavit,
637 2766 716 2826 quae
737 2758 847 2826 postea
868 2750 1050 2825 Sempronia
1064 2750 1201 2826 appella-

221 2842 250 2894 la
264 2842 321 2894 est.

303 2919 396 2978 XVll.
419 2920 482 2980 lam
492 2918 522 2980 in
535 2920 619 2980 exitu
629 2935 728 2981 annus
740 2926 813 2994 erat,
829 2926 859 2979 et
873 2927 1000 2993 propter
1010 2914 1202 2995 Macedonici

219 3004 350 3062 maxime
369 3003 449 3063 belli·
468 3020 571 3066 curam
595 3003 626 3063 in
651 3003 846 3065 sermonibus
871 3002 1012 3064 homines
1036 3000 1200 3070 habebant,

221 3101 301 3160 quos
315 3086 345 3145 in
362 3103 474 3147 annum
490 3088 635 3149 consules
650 3088 691 3147 ad
705 3087 872 3148 finiendum
888 3087 1012 3147 tandem
1037 3085 1069 3145 id
1089 3084 1203 3146 bellum

220 3177 368 3232 crement
401 3169 506 3246 itaque
527 3178 651 3232 senatus
673 3173 846 3233 consultum
872 3171 986 3232 iactum
1007 3177 1069 3243 est,
1094 3176 1129 3229 ut
1148 3166 1202 3227 Cn.

220 3252 370 3314 Servilius
385 3255 483 3330 primo
500 3271 625 3332 quoque
643 3263 784 3330 tempore
802 3255 842 3314 ad
856 3254 979 3316 comitia
991 3252 1136 3315 habenda
1149 3266 1202 3312 ve

218 3338 304 3400 niret.
333 3345 458 3399 senalus
477 3339 649 3399 considium
667 3337 823 3412 Sulpicius
844 3345 968 3412 praetor
984 3338 1026 3398 ad
1043 3335 1203 3397 consulem

217 3425 313 3497 misit,
341 3425 501 3496 literaeque
530 3423 661 3482 conadae
690 3428 764 3494 post
799 3435 919 3495 paucos
954 3421 1022 3481 dies
1052 3416 1201 3491 recitavit,

219 3505 331 3578 quibus
349 3505 513 3564 antediem
530 3501 570 3539 **
591 3503 622 3560 in
636 3502 744 3562 urbem
758 3510 929 3564 venturum.
956 3511 987 3565 et
1007 3502 1116 3562 consul
1135 3514 1201 3560 ma·
