2642 4017
281 311 287 324 ,
318 260 435 322 LIBER
447 260 538 323 XLV.
561 260 644 321 cAP.
659 268 704 323 28.
715 268 760 324 29.
781 268 817 336 [a.
830 268 861 321 0.
874 270 937 337 167]
1051 264 1115 329 281

133 427 218 473 mare
233 411 341 472 dcoem
356 413 484 488 legatas,
499 410 641 473 omnibus
653 412 722 473 aliis
734 411 859 473 omissis
869 414 1064 487 Apolloniam
1076 417 1117 477 ad

133 511 190 558 ecs
212 493 321 572 pergit
355 510 416 571 quo
438 510 509 555 curn
528 493 662 555 Perseus
683 494 807 556 obviam
828 495 1006 572 Amphipoli
1026 498 1117 561 nimis

133 581 235 641 soluta
255 577 398 640 custodia
411 578 677 655 processisset-
692 578 725 638 id
738 577 802 639 diei
820 576 878 640 iter
897 586 1003 641 est-
1015 580 1118 657 ipsum

134 662 260 738 quidem
281 660 415 738 benigrm
434 662 589 724 allocutus
603 669 666 723 cst:
689 670 824 724 ceterum
838 668 1007 739 postquam
1021 663 1051 726 in
1067 682 1117 727 ca-

134 753 199 808 stra
219 745 261 806 ad
273 744 484 823 Amphipolim
504 745 603 819 venit,
624 745 760 821 gravitm
779 745 975 822 increpuisse
990 747 1118 812 traditur

105 832 111 842 ’
133 830 166 891 c.
183 828 370 906 Sulpicium,
389 829 521 907 primam
542 829 629 906 quod
646 827 763 891 Persea
782 835 844 891 tarn
858 832 968 906 procul
982 848 1002 892 a
1016 847 1052 893 se
1064 850 1118 894 va·

133 913 199 990 gari
212 929 270 990 per
283 913 475 991 provintiam
487 928 604 990 passus
617 917 717 987 esset,
738 911 851 974 deinde
873 914 959 990 quod
977 916 1058 978 adea
1074 916 1117 977 in-

133 995 283 1059 dulsisset
304 997 465 1072 militibus,
493 1002 528 1059 nt
550 996 670 1058 nudare
694 996 806 1072 tegulis
835 1013 941 1060 muros
967 997 1054 1061 urbis
1078 1001 1119 1061 ad

133 1081 267 1156 tegenda
286 1080 484 1143 hibernacula
504 1097 563 1143 sna
583 1086 747 1157 paterettu.
766 1082 938 1158 referrique
948 1084 1073 1160 tegulas
1089 1091 1119 1149 et

133 1164 220 1225 retici
234 1170 330 1241 tecta,
350 1166 431 1227 sicut
451 1165 587 1239 lucrant,
608 1163 708 1226 iussit
729 1172 761 1227 ct
778 1164 893 1227 Persea
908 1167 1034 1242 quidem
1049 1184 1119 1230 cum

132 1247 250 1309 maiore
268 1248 332 1312 lilio
350 1249 492 1326 Philippo
512 1248 642 1309 traditos
661 1249 701 1307 A.
721 1246 879 1311 Postumio
899 1250 931 1311 in
947 1251 1120 1312 custodiam

133 1331 229 1407 misit,
253 1332 346 1393 liliam
366 1349 436 1395 cnm
456 1333 575 1393 minore
588 1331 651 1393 lilio
667 1330 900 1394 nSanrollrrace
913 1334 1031 1396 accitos
1045 1335 1118 1395 Am·

133 1414 283 1492 phipolim
297 1417 380 1477 omni
393 1415 513 1477 liberali
528 1418 612 1477 autu
624 1414 741 1477 habuit.
761 1415 868 1477 XXIX.
890 1416 968 1492 ipse,
983 1416 1036 1478 ubi
1051 1417 1118 1478 dies

132 1500 231 1574 venit,
257 1516 319 1577 quo
340 1500 456 1561 adesse
474 1497 654 1576 Amphipoli
669 1499 767 1559 denos
782 1498 939 1575 principes
953 1499 1117 1564 civitatium

132 1581 275 1660 iusserat,
289 1585 470 1661 litterasque
481 1599 599 1655 omnes,
612 1597 693 1659 quae
703 1582 819 1659 ubique
831 1582 993 1658 depositae
1003 1592 1116 1658 essent,

133 1675 164 1728 et
178 1669 340 1745 pecuniam
352 1669 469 1745 regiam
483 1666 626 1742 conferri,
647 1680 718 1727 oum
731 1665 839 1727 decem
854 1666 973 1742 legatis,
990 1666 1117 1729 circum·

55 1790 57 1793 <
133 1751 203 1813 insa
217 1753 300 1813 omni
319 1751 510 1814 mulitudine
522 1750 742 1823 Macedonum,
764 1748 795 1811 in
808 1749 952 1812 tribunali
967 1751 1118 1813 consedit.

132 1835 272 1897 adsuctis
292 1835 379 1911 regio
399 1834 529 1912 imperio
549 1841 651 1895 tamen
672 1849 788 1896 novum
810 1835 939 1897 formam
951 1834 1118 1897 terribilem

132 1919 274 1995 praebuit
286 1920 417 1981 tribunal
431 1925 584 1981 summoto
599 1918 729 1994 aditum,
749 1934 873 1994 praeco,
887 1934 1055 1993 accensus,
1070 1917 1118 1978 in·

132 2010 223 2066 sueta
237 2002 341 2065 omnia
354 2003 453 2065 acuis
467 2003 672 2077 auribusque,
695 2017 776 2078 quae
795 2003 845 2063 vel
859 2003 982 2078 socios,
1002 2002 1117 2063 nedum

131 2086 240 2148 hostes
263 2086 365 2149 victos
387 2095 503 2148 terrere
527 2092 669 2163 possent
698 2084 820 2148 silentio
845 2102 904 2161 per
927 2100 1116 2161 praeconem

132 2169 230 2243 lamo,
251 2170 366 2233 Paulus
380 2169 496 2245 Latine,
513 2186 595 2247 quae
607 2169 745 2244 senatui,
765 2185 847 2245 quae
868 2168 928 2231 sibi
942 2184 983 2229 ex
998 2168 1118 2230 consilii

132 2254 285 2315 sententia
298 2256 369 2317 visa
383 2261 497 2330 essent,
512 2253 729 2332 pronuntiavit
752 2268 790 2315 ea
801 2253 854 2315 Gn.
868 2252 1015 2315 Octavius
1026 2267 1115 2328 prae·

130 2343 180 2400 tor
196 2372 226 2385 -
249 2355 320 2400 nam
334 2346 365 2401 et
378 2339 449 2416 ipse
462 2340 570 2401 aderat
582 2372 619 2384 -
632 2338 832 2413 interpretata
842 2352 986 2399 sermone
998 2337 1116 2398 Graeco

130 2423 294 2485 referebat.
306 2422 441 2486 omnium
451 2423 583 2501 primum
592 2423 708 2484 liberos
719 2437 793 2483 csse
803 2420 1115 2494 iuberebiaoedonas‚

131 2504 280 2569 habentes
299 2508 396 2571 nrbes
415 2509 542 2570 easdem
562 2522 733 2584 agrosque,
754 2513 879 2569 utentes
898 2504 1020 2581 legibus
1039 2502 1115 2578 suis,

132 2604 252 2652 annuas
277 2599 419 2654 creantes
442 2593 657 2669 magistratum
687 2590 831 2654 tributum
859 2588 1019 2651 dimidium
1049 2586 1116 2649 eius

135 2674 221 2748 qnod
233 2676 456 2751 pependissent
468 2676 603 2752 regibus,
618 2677 757 2752 pendere
767 2676 886 2752 populo
897 2676 1047 2736 Romano.
1063 2673 1116 2732 de-

133 2753 205 2814 inde
219 2756 250 2815 in
266 2765 409 2831 quattuor
422 2760 567 2834 regiones
581 2757 677 2819 dividi
691 2759 919 2821 Macedoniam:
942 2774 1035 2819 unam
1049 2758 1116 2817 rore

133 2846 163 2899 et
177 2838 306 2914 primam
319 2849 437 2916 partem
458 2844 543 2916 quod
557 2842 623 2917 agri
636 2843 716 2903 inter
730 2841 926 2921 Strymorm
941 2847 972 2901 et
983 2840 1115 2901 Nessum

132 2936 254 2984 amnem
267 2924 316 2997 sit,
332 2938 531 2986 accessurum
546 2923 617 2985 huic
632 2926 711 3000 parti
726 2933 811 2985 trans
821 2924 954 2985 Nessum
965 2924 1005 2984 ad
1016 2922 1116 2986 orien-

131 3012 194 3068 tem
207 3022 342 3083 versum,
362 3024 426 3084 qua
437 3007 571 3070 Perseus
584 3009 737 3070 tenuisset
747 3008 836 3069 vicos
851 3008 977 3068 castella
990 3008 1112 3085 oppida,

131 3097 256 3166 praeter
274 3093 397 3153 Aenum
417 3100 447 3153 et
465 3092 644 3153 Maroneam
665 3099 696 3154 et
714 3092 856 3162 Abdera;
874 3098 960 3153 nans
975 3091 1112 3171 Strymo·

131 3190 203 3235 nem
217 3181 319 3236 autem
331 3177 492 3253 vergentia
505 3178 546 3238 ad
557 3190 713 3253 occasum,
727 3176 902 3238 Bisalticam
914 3191 1036 3237 omnem
1047 3190 1115 3236 cum

130 3257 289 3336 lieradea,
305 3276 399 3337 qnam
413 3260 550 3322 Sinticen
566 3260 734 3337 appellant
749 3261 918 3322 secandam
933 3261 1001 3322 lore
1013 3258 1115 3332 regio·

131 3356 218 3417 nem,
233 3360 325 3419 quam
339 3345 379 3405 ab
394 3353 463 3407 ortu
478 3344 601 3424 Strymo
616 3346 852 3428 amplecteretur
865 3344 980 3417 amnis,
995 3349 1116 3417 praeter

132 3423 267 3488 Sinticen
289 3428 470 3490 Heracleam
490 3436 521 3489 et
539 3428 689 3501 Bisaltase
723 3429 761 3490 ab
783 3444 912 3501 occasu,
939 3440 1001 3501 qna
1014 3424 1114 3485 Axius

133 3509 309 3570 terminaret
322 3510 452 3587 fluvios,
478 3512 590 3574 additis
605 3512 794 3588 Paeonibus,
821 3509 874 3586 qui
887 3523 988 3585 prope
1003 3508 1115 3568 Axium
