2642 4017
283 260 400 323 LIBER
412 261 503 322 XLV.
526 262 609 323 CAP.
622 270 667 325 32.
682 271 725 326 33.
749 271 786 338 [a.
799 270 832 323 c.
845 271 908 339 167]
1021 266 1084 331 28⁵

97 413 165 475 aliis
176 410 313 488 superbe
323 409 477 486 imperare
487 411 623 484 adsuctia
644 414 832 490 praedivites
846 415 907 493 alii,
928 415 989 493 alii,
1004 431 1085 495 quos

97 500 221 559 ionuna
235 510 297 556 non
314 502 490 571 aequarent,
511 496 561 557 bis
575 498 751 574 sumptibus
765 514 876 576 parem
898 499 1004 575 regius
1019 517 1084 563 om-

97 580 190 643 nibus
201 579 303 641 victos
314 579 518 656 vestitusque,
530 580 604 641 nulli
614 580 715 642 civilis
724 582 855 661 ammus,
867 599 971 661 neque
981 586 1085 661 legum

97 681 201 742 neque
210 660 360 725 inermus
371 678 473 739 aeque
484 664 615 741 patiens.
627 680 737 727 omnes
746 666 847 744 igitur,
864 667 918 745 qui
928 667 961 728 in
972 666 1084 746 aliquis

97 746 274 810 ministerus
287 746 392 823 regiis,
414 746 505 809 etiam
518 745 571 824 qui
585 747 616 808 in
630 748 836 824 legationibus
850 752 987 828 merant,
1007 752 1085 815 iussi

97 829 282 894 Macedonia
296 830 449 893 excedere
463 838 557 909 atque
570 832 601 892 in
613 832 731 894 ltaliam
745 833 804 895 iret
827 836 880 913 qui
890 851 954 898 nou
964 837 1083 911 peruls-

99 925 149 980 set
166 915 313 992 imperio,
337 930 423 976 mors
450 914 638 978 denuntiata.
665 916 752 994 leges
772 918 974 982 Macedoniae
999 920 1085 982 dedit

99 1018 170 1063 cum
188 1006 273 1061 muta
293 1015 383 1073 cura,
407 1006 524 1062 utnon
544 999 688 1062 hostibus
708 999 798 1064 victis
819 1004 878 1065 sed
891 1002 987 1066 sonis
1004 1003 1084 1066 bene

98 1085 215 1146 meritis
236 1084 309 1145 darc
332 1082 503 1160 videretur,
528 1089 559 1145 et
583 1100 662 1162 quas
683 1101 724 1147 ne
744 1102 822 1150 usus
843 1086 968 1165 quidem
988 1088 1083 1165 longo

99 1177 252 1245 ternpore,
275 1167 328 1243 qui
348 1183 429 1228 onus
449 1175 499 1230 est
512 1169 616 1244 legum
635 1178 808 1246 corrector,
829 1171 1020 1249 experiendo
1035 1188 1084 1234 ar·

99 1261 215 1330 guerct.

184 1336 233 1397 Ab
247 1337 336 1398 seriis
350 1337 444 1397 rebus
459 1335 624 1412 ludicrum,
645 1339 732 1414 quod
746 1355 786 1398 ex
800 1339 894 1400 multo
908 1345 979 1400 ante
994 1353 1082 1414 prae

99 1428 218 1500 parato,
234 1429 264 1485 ct
273 1421 305 1481 in
315 1420 411 1481 Asiae
425 1418 564 1481 civitates
579 1422 665 1482 etad
679 1437 769 1497 reges
783 1420 889 1483 missis
901 1421 954 1498 qui
965 1420 1082 1482 denun-

98 1507 218 1580 tiarent,
229 1513 260 1567 et
270 1521 340 1568 cunr
350 1502 522 1565 circumiret
531 1505 601 1581 ipse
613 1504 761 1566 Graeciae
771 1502 920 1580 civitates,
930 1503 1084 1565 indixerat

99 1589 300 1668 principibus,
316 1604 429 1665 magno
443 1595 597 1664 apparatu
610 1587 791 1665 Atapbipoli
804 1585 886 1649 lecit
904 1603 975 1648 nam
990 1595 1021 1650 et
1034 1603 1082 1649 ar·

98 1674 214 1737 tilicurn
234 1674 334 1736 omnis
354 1671 494 1749 generis,
517 1673 570 1748 qui
585 1670 735 1733 ludicram
748 1679 845 1733 amem
858 1671 1027 1745 lacicbant,
1042 1686 1083 1734 cx

98 1765 163 1820 toto
184 1758 260 1819 orbe
273 1766 423 1820 terrarum
438 1756 615 1832 multitudo,
641 1764 673 1818 et
687 1756 867 1817 athletarum
885 1763 917 1819 ct
936 1753 1082 1818 nobilium

99 1858 250 1919 equorum
265 1839 417 1916 convenit,
433 1846 465 1902 ct
474 1841 644 1915 legationes
653 1854 724 1902 cunr
735 1838 874 1915 vlotimis,
889 1847 920 1902 ct
931 1838 1082 1917 quidquid

100 1928 182 1989 aliud
208 1928 338 1988 deorum
357 1924 578 2001 hominumque
605 1940 701 1986 causa
721 1924 789 1987 lieri
808 1924 928 2000 maguis
947 1923 1030 1986 ludis
1050 1923 1081 1984 in

99 2010 228 2072 Graecia
242 2010 336 2084 solet,
357 2007 400 2070 ita
413 2010 526 2070 lactum
541 2015 604 2083 cst,
619 2016 654 2071 nt
667 2024 730 2070 non
745 2008 1000 2085 magnificentiam
1015 2013 1081 2069 tan·

98 2102 162 2157 tum
176 2094 234 2156 sed
249 2091 441 2169 prudentiam
455 2093 487 2152 iu
502 2093 611 2154 dandis
626 2094 823 2170 spectaculis,
839 2093 881 2155 ad
894 2106 976 2168 quac
985 2090 1082 2151 rudes

97 2187 163 2241 turn
175 2175 308 2239 Romani
321 2184 415 2253 erant,
436 2176 667 2240 admirarentur.
689 2178 799 2254 epulae
816 2191 942 2253 quoquc
954 2173 1081 2251 legatio·

97 2264 189 2325 nibus
210 2267 336 2338 paratae
356 2268 387 2323 ct
405 2260 561 2337 opulentia
575 2269 606 2324 et
620 2276 696 2322 cura
709 2260 827 2322 eadem.
855 2261 949 2336 vulgo
967 2260 1082 2321 dictum

97 2347 197 2425 ipsius
217 2346 369 2423 terebant,
395 2352 426 2407 ct
446 2346 621 2406 convivium
641 2346 794 2407 instruere
813 2351 845 2407 et
857 2343 950 2406 ludos
972 2360 1082 2419 parare
1157 2409 1160 2414 Δ

98 2432 239 2493 eiusdem
258 2446 331 2492 esse
352 2429 406 2506 qui
425 2427 550 2491 vincere
562 2430 644 2491 bello
660 2430 762 2492 sciret
783 2429 916 2492 XXXIII.
938 2428 1021 2490 edito
1035 2431 1080 2490 lu·

98 2515 184 2577 dicro
200 2516 299 2577 omnis
313 2515 447 2591 generis,
469 2513 640 2591 clipeisque
654 2514 756 2577 aereis
770 2513 801 2575 in
815 2528 912 2575 naves
928 2511 1081 2588 impositis

98 2604 201 2660 cetera
220 2598 320 2662 omnis
334 2597 457 2675 generis
471 2615 557 2660 arma
571 2602 739 2674 cumulata,
759 2599 912 2674 ingentem
926 2612 1080 2670 acervum,

98 2688 244 2756 precatus
263 2682 391 2743 Martem
409 2683 579 2744 Minervam
598 2685 757 2760 Luamque
771 2690 900 2745 matrem
915 2688 946 2743 et
960 2689 1081 2743 ceteros

99 2765 193 2838 deos,
215 2765 327 2839 quibus
348 2767 451 2841 spolia
470 2766 605 2828 bostium
620 2769 724 2829 dicare
738 2767 788 2827 ius
802 2768 914 2842 fasque
927 2773 990 2839 est,
1011 2765 1082 2841 ipsc

98 2847 265 2922 imperator
284 2850 353 2908 lace
372 2848 496 2909 subdita
515 2851 690 2925 succendit,
716 2849 828 2911 deinde
848 2849 1081 2911 circumstantes

97 2930 212 2993 tribuni
226 2931 353 2992 militum
367 2946 426 3007 pro
446 2947 483 2992 se
497 2932 630 3008 quisque
643 2933 733 3009 ignes
749 2931 955 2993 coniecerunt
977 2940 1082 2995 nauta

99 3021 148 3077 cst
166 3012 198 3076 in
218 3014 271 3077 illo
294 3022 448 3079 conventu
462 3015 607 3092 Europae
620 3015 795 3091 Asiaeque,
820 3017 957 3093 undiquc
972 3018 1082 3093 partim

97 3100 139 3161 ad
153 3100 386 3175 gratulationem
404 3100 515 3176 partim
528 3100 569 3161 ad
583 3101 795 3176 spectaculum
813 3108 970 3164 contracta
982 3102 1082 3164 muln

97 3185 221 3261 tudine,
247 3184 338 3246 tantis
358 3185 520 3247 novalibus
545 3185 808 3262 terrestribusque
832 3183 1018 3249 exercitibus
1044 3201 1082 3247 ea

98 3270 190 3345 copia
202 3286 320 3342 rerum,
336 3285 375 3331 ea
387 3269 489 3331 vilitas
503 3285 661 3346 annonae,
675 3277 753 3333 utet
767 3270 895 3346 privatIs
909 3277 940 3333 et
954 3268 1081 3331 civitati·

96 3353 157 3414 bus
178 3364 209 3417 et
228 3353 370 3430 gentibus
391 3355 474 3416 dona
489 3354 561 3417 data
575 3356 726 3431 pleraque
745 3355 813 3418 eius
828 3355 953 3431 generis
966 3351 1029 3413 elnt
1041 3349 1081 3409 ab

98 3436 298 3514 imperatore,
324 3454 387 3500 non
406 3439 438 3499 in
459 3455 546 3500 osum
568 3439 662 3501 modo
683 3445 894 3517 praesentem,
919 3433 1080 3498 sedetiam

99 3521 184 3597 quod
205 3522 314 3585 domos
335 3522 510 3585 eveherent.
538 3525 716 3601 spectaculo
736 3524 794 3587 luit
813 3522 842 3584 el
863 3535 943 3596 quae
955 3522 1083 3579 venerat
