2642 4017
263 234 305 297 62
409 233 525 292 LIBER
538 231 600 291 XL.
622 230 759 293 CAP.10.
773 241 815 291 ll.
830 239 872 291 ta.
895 235 929 303 [a.
942 235 978 286 U.
990 251 1014 286 c.
1026 235 1089 303 570]

264 393 365 461 gaiam
379 392 410 447 et
427 384 592 447 obnoxiam
606 382 832 445 adolescentiae
846 397 921 443 suae
935 397 1008 443 esse
1021 398 1154 459 aequum
1170 401 1239 447 ceu·

263 477 320 532 set.
343 485 399 545 pro
414 468 473 530 isto
487 467 618 529 Romani
633 473 728 538 stant,
744 482 800 541 pro
815 465 874 527 istc
889 481 997 527 omnes
1012 465 1104 527 urbes
1118 473 1171 530 tuo
1186 470 1239 529 im·

263 569 350 630 peno
375 552 536 626 liberatae,
561 565 619 626 pro
643 550 703 611 isto
724 549 911 610 Macedones
933 548 987 626 qui
1007 565 1084 625 pace
1103 551 1241 614 Romana

262 636 405 712 gaudent.
427 634 500 694 mihi
514 639 636 709 praeter
649 640 689 707 te,
705 642 800 708 pater,
816 633 891 710 quid
903 648 1034 709 usquam
1046 641 1099 695 aut
1110 635 1179 710 spei
1191 641 1242 696 aut

264 719 410 796 praesidii
429 724 498 778 estt
526 717 577 776 XI.
606 724 831 793 quospectare
849 718 917 778 illas
932 717 1047 777 litteras
1061 717 1101 777 ad
1117 723 1146 777 te
1159 734 1239 779 nunc
1306 747 1307 756 ι

248 803 375 864 'missas
389 801 421 861 T.
438 800 567 875 Quinctii
588 800 705 873 credis,
726 800 837 875 quibus
857 806 888 861 et
907 800 986 861 bene
999 806 1030 860 te
1045 799 1239 862 consuluisse

261 885 356 946 rebus
370 885 430 945 tuis
445 883 499 958 ait,
514 883 600 960 quod
612 883 797 944 Demetrium
809 884 937 944 Romam
951 882 1082 957 miseris,
1096 889 1128 944 et
1140 883 1240 946 horta·

263 977 326 1044 tur,
340 976 382 1028 ut
399 968 508 1027 iterum
524 974 555 1026 et
569 983 639 1027 cum
654 966 792 1041 pluribus
806 968 914 1042 legatis
928 973 959 1028 et
972 966 1158 1042 primoribus
1172 984 1240 1029 eum

262 1049 669 1111 remittasMacedonumtT.
677 1049 833 1123 Quinctius
844 1066 926 1111 nunc
936 1055 1098 1111 estauctor
1108 1051 1241 1112 omnium

262 1150 363 1194 rerum
377 1134 427 1194 isti
441 1140 472 1195 et
481 1133 633 1208 magister.
656 1149 727 1194 eum
739 1133 797 1194 sibi
807 1142 837 1195 te
848 1132 989 1194 audeam
1001 1140 1088 1209 patre
1098 1134 1130 1193 in
1141 1134 1241 1195 locum

262 1225 347 1279 tuum
358 1217 523 1279 substituit.
544 1215 605 1276 illic
616 1224 686 1277 ante
698 1219 800 1277 omnia
810 1217 999 1278 clandestina
1010 1224 1159 1277 concocta
1170 1225 1240 1277 sunt

263 1301 401 1362 consilia.
429 1306 615 1377 quaeruntur
631 1299 787 1362 adiutores
803 1299 949 1376 consiliis,
965 1316 1033 1361 cum
1047 1306 1077 1361 te
1091 1303 1196 1377 plures
1211 1307 1241 1362 et
1306 1377 1307 1380 Ἴ

262 1384 418 1461 principes
436 1384 641 1444 Macedonum
661 1398 730 1444 curn
750 1382 810 1446 isto
831 1384 948 1443 mittere
968 1382 1060 1444 iubet.
1097 1383 1150 1459 qui
1169 1384 1240 1447 hinc
1306 1385 1307 1390 ’

262 1468 372 1544 integri
382 1473 413 1529 et
427 1467 538 1530 sinceri
548 1468 676 1528 Romam
687 1475 768 1541 eunt
779 1467 952 1543 Philippum
965 1482 1071 1540 regem
1083 1482 1118 1527 se
1128 1466 1250 1532 habere.

263 1553 441 1625 credentes,
466 1549 572 1611 imbuti
591 1548 674 1611 illinc
694 1558 725 1611 et
743 1550 846 1612 inlecti
865 1550 1011 1611 Romanis
1031 1550 1239 1612 delenimentis

261 1636 400 1696 redeunt
429 1635 600 1695 Demetrius
620 1633 658 1695 iis
679 1651 760 1695 unus
780 1634 883 1695 omnia
896 1640 957 1708 est,
979 1647 1049 1693 eum
1063 1634 1124 1693 iam
1137 1648 1240 1708 regem

262 1720 332 1779 vivo
349 1724 435 1794 patre
449 1719 613 1794 appellant
632 1718 710 1778 haec
722 1718 750 1778 si
760 1718 910 1793 indignor,
925 1716 1111 1777 audiendum
1122 1721 1170 1776 est
1181 1723 1241 1777 sta·

262 1803 323 1876 tim,
338 1819 400 1863 non
415 1801 454 1862 ab
468 1802 536 1862 aliis
551 1803 652 1863 solum
667 1802 725 1863 sed
739 1803 828 1863 etiam
842 1808 921 1875 ate,
945 1807 1047 1876 pater,
1068 1799 1242 1875 cupiditatis

261 1886 347 1961 regni
362 1886 485 1946 crimen.
507 1901 566 1961 ego
576 1901 662 1959 vero,
678 1886 706 1946 si
719 1884 750 1945 in
761 1885 862 1945 medic
874 1881 1005 1960 ponitur,
1020 1899 1082 1944 non
1094 1898 1242 1958 agnosco.

263 1986 354 2045 quem
368 1968 448 2030 enim
463 1985 521 2030 suo
536 1971 605 2030 loco
619 1984 747 2040 moveo,
761 1975 795 2028 ut
809 1969 878 2042 ipse
892 1968 923 2027 in
938 1967 1004 2027 eius
1018 1967 1120 2028 locum
1135 1982 1242 2027 succe·

262 2055 352 2113 damt
377 2069 458 2113 unus
479 2058 549 2112 ante
569 2067 619 2110 me
640 2057 728 2126 pater
747 2056 809 2123 est,
831 2059 861 2111 et
874 2057 908 2111 ut
921 2050 974 2111 diu
988 2048 1042 2124 sit,
1064 2050 1140 2111 deas
1154 2065 1242 2125 rogo.

262 2144 476 2211 superstes-
487 2140 517 2195 et
530 2135 572 2196 ita
587 2134 653 2208 sim,
669 2133 696 2194 si
710 2134 866 2207 merebor,
888 2142 921 2195 ut
935 2135 1004 2208 ipse
1020 2148 1070 2194 me
1084 2149 1156 2194 esse
1169 2134 1244 2194 velit

260 2256 303 2268 -
316 2219 515 2281 hereditatem
528 2215 630 2293 regni,
645 2216 673 2277 si
685 2223 776 2296 pater
788 2217 895 2291 tradet,
909 2216 1067 2293 accipiam.
1097 2218 1182 2292 cupit
1193 2232 1242 2276 re·

261 2319 365 2379 gnum,
378 2311 409 2364 et
425 2302 548 2379 quidem
559 2303 708 2364 scelerate
719 2299 811 2375 cupit,
827 2300 878 2376 qui
889 2300 1108 2361 transcendere
1120 2300 1244 2362 lestinat

262 2388 400 2449 ordinem
422 2386 544 2461 astaus,
566 2392 708 2457 naturae,
730 2384 824 2445 moris
837 2384 1055 2458 Macedonum,
1078 2383 1152 2444 iuris
1167 2399 1253 2464 gens

261 2472 343 2531 tium.
371 2470 472 2531 obstat
486 2468 580 2528 irater
595 2468 706 2541 maior,
727 2468 768 2527 ad
783 2484 874 2544 quem
886 2469 967 2541 iure,
981 2468 1138 2527 voluntate
1151 2467 1244 2534 etiam

261 2553 366 2628 patris,
381 2566 510 2625 regnum
521 2552 660 2625 pertinet.
680 2551 816 2612 tollatur:
837 2568 900 2612 non
914 2552 1031 2628 primus
1041 2565 1169 2626 regnum
1182 2551 1254 2611 ira.

198 2708 201 2714 1
260 2644 349 2696 terna
362 2634 458 2694 caede
473 2635 599 2709 petiero.
625 2642 713 2708 pater
726 2650 824 2694 senex
838 2641 868 2695 et
883 2636 945 2697 filio
961 2638 1047 2714 solus
1062 2634 1188 2695 orbatus
1203 2633 1246 2693 da

261 2734 296 2779 se
311 2718 408 2793 magis
423 2716 547 2792 timebit
565 2734 656 2794 quam
670 2718 771 2779 attilii
785 2731 893 2782 necem
906 2718 1080 2780 ulciscatur.
1111 2716 1245 2778 Romani

260 2800 467 2876 laetabuntur,
488 2800 677 2877 probabunt,
700 2802 866 2868 defendent
879 2803 1001 2865 iactum.
1033 2802 1093 2862 hae
1108 2816 1184 2876 spes
1198 2803 1245 2859 in-

197 2939 202 2947 .
261 2892 371 2958 certae,
386 2890 483 2961 pater,
499 2886 557 2946 sed
570 2902 633 2946 nan
647 2886 756 2953 inanes
771 2893 851 2947 sunt.
874 2887 916 2948 ita
930 2888 1010 2947 enim
1022 2901 1057 2947 se
1068 2901 1119 2945 res
1132 2882 1245 2945 habete

260 2968 429 3043 periculum
442 2969 524 3030 vitae
538 2970 712 3046 propellere
725 2986 744 3029 a
757 2985 807 3030 me
821 2979 925 3046 potes,
945 2968 1101 3046 puniendo
1117 2984 1173 3029 ecs
1189 2965 1247 3042 q‘ui

261 3048 301 3110 ad
315 3067 364 3112 me
377 3052 620 3115 interficiendum
639 3055 753 3115 lernam
767 3060 981 3130 sumpserunt;
1003 3054 1029 3113 si
1045 3052 1172 3113 facinori
1190 3065 1247 3111 eo·

260 3136 551 3280 rtgtnerissuficesserit,
577 3144 706 3199 mortem
729 3153 829 3198 meam
854 3137 936 3198 idem
960 3145 993 3198 tu
1013 3135 1159 3212 persequi
1181 3150 1248 3195 non

261 3235 281 3295 p
345 3302 409 3363 XII.
429 3302 598 3379 Postquam
618 3305 741 3367 dicendi
754 3305 847 3366 finem
860 3304 992 3365 Perseus
1007 3302 1093 3377 iecit,
1114 3298 1251 3362 coniecti

261 3403 368 3449 eorum
388 3385 442 3463 qui
461 3388 590 3451 aderaut
610 3390 691 3451 oculi
711 3388 742 3449 in
756 3389 941 3449 Demetrium
961 3394 1046 3460 sunt,
1066 3387 1151 3446 velut
1169 3400 1249 3447 cou-
1306 3389 1307 3456 ξ

261 3470 362 3533 restim
376 3487 584 3548 responsurus
599 3479 691 3534 esset.
725 3471 836 3532 deinde
850 3470 903 3531 diu
917 3470 973 3532 luit
986 3467 1153 3543 silentium,
1175 3481 1251 3528 cum
1306 3465 1307 3496 l
