2642 4017
168 200 172 207 ’
203 231 266 296 aaa
292 229 1094 302 umanxavonr.14.1s.n.u.0.sa4.s.c.1sa]

205 385 312 443 venire
322 381 396 442 velit
405 380 533 454 Iovique
545 379 660 454 optimo
672 379 805 439 maximo
816 379 845 438 in
855 378 1188 454 Capitollosaorifleare

204 473 236 527 et
248 471 351 541 grates
365 478 473 539 agere=
495 464 535 536 id,
550 461 611 523 nisi
624 461 785 523 molestum
801 462 848 534 sit,
863 468 896 522 ot
906 462 934 522 ei
948 463 1136 538 permittatur
1146 462 1189 523 ab

205 557 315 610 senatu
328 554 442 624 petere.
467 546 548 606 xlv.
568 560 754 622 responsum
767 547 873 621 regum
889 552 937 606 est
951 547 1053 607 iacere
1069 553 1187 622 patrem

204 635 270 696 eius
297 631 494 692 Masinissam
515 630 598 704 quod
614 628 714 690 virum
738 636 857 704 gratm
880 629 1058 704 bonumque
1082 630 1188 690 lacere

205 718 327 790 decom,
348 721 383 775 nt
402 715 532 790 pretium
550 713 762 787 honoremque
782 712 885 774 debito
907 713 1060 774 beneflcio
1081 713 1186 774 addat.

205 807 235 861 et
249 800 398 876 populum
412 799 583 859 Romanum
597 796 637 857 ab
656 811 695 856 eo
711 796 792 858 bello
812 794 927 859 Punico
949 797 1019 858 lorti
1039 796 1188 872 fidelique

205 899 303 960 opera
316 883 469 953 adiutum,
489 887 521 940 et
533 880 617 941 iilum
631 880 755 941 invente
770 895 899 956 regnum
913 882 1031 956 populo
1045 880 1187 942 Romano

205 968 366 1042 adeptum
386 964 525 1041 aequatis
540 964 578 1025 iis
592 971 701 1040 postea
714 962 803 1023 trium
816 978 923 1038 regum
937 963 1026 1023 bellis
1037 963 1186 1041 deinceps

206 1049 346 1113 omnibus
361 1063 432 1108 eum
452 1048 588 1109 iunctum
605 1047 726 1108 aniciis
754 1044 881 1108 viotona
898 1061 975 1107 vero
997 1048 1103 1122 populi
1123 1049 1186 1110 Ro·

205 1132 286 1192 mani
300 1130 405 1192 laetari
420 1146 487 1191 eum
502 1145 606 1207 regem
622 1129 730 1190 mirum
745 1146 806 1191 non
821 1145 901 1206 esse,
923 1131 976 1205 qui
992 1138 1106 1192 sortem
1121 1146 1186 1192 onr-

205 1231 275 1277 nem
289 1217 428 1277 fortunae
439 1214 587 1290 regnique
598 1213 647 1275 sui
659 1229 728 1275 cum
737 1214 831 1273 rebus
842 1214 990 1275 Romanis
999 1215 1186 1277 miscuisset

205 1306 308 1375 grates
323 1299 382 1360 diis
396 1314 454 1374 pro
469 1299 575 1373 populi
588 1298 717 1359 Romani
731 1298 859 1358 viatoria
869 1299 953 1373 apud
968 1314 1044 1360 suos
1055 1306 1184 1374 penates

206 1389 326 1458 agerem
341 1383 458 1444 Rornae
472 1381 567 1442 illium
580 1397 638 1457 pro
648 1395 686 1441 eo
699 1387 844 1441 acturum.
866 1383 1048 1457 gratulatum
1061 1398 1186 1459 quoqne

206 1468 281 1527 satis
296 1483 354 1527 suo
366 1481 403 1526 ac
417 1465 514 1541 patris
527 1465 649 1525 nomine
663 1479 744 1524 esse.
766 1463 867 1539 ipsum
879 1466 1051 1540 relinquere
1057 1482 1186 1540 regnum

207 1557 238 1610 et
251 1551 356 1611 Africa
376 1549 542 1623 excedere,
564 1554 779 1624 praeterquam
801 1549 884 1623 quod
905 1548 948 1608 illl
969 1548 1074 1610 inutile
1092 1557 1186 1622 esset,

206 1649 268 1694 non
287 1649 359 1694 esse
379 1647 445 1692 ere
467 1632 591 1707 publica
612 1631 719 1707 populi
738 1632 868 1693 Romani
888 1640 1026 1692 senatum
1048 1647 1185 1694 censere.

207 1716 320 1792 petenti
335 1714 502 1790 Masgabae
515 1724 550 1776 ut
562 1716 672 1776 Hanno
689 1715 868 1775 Hamilcaris
889 1716 970 1776 iilius
985 1716 1079 1777 obses
1097 1717 1127 1775 in
1141 1718 1186 1779 lo·

207 1816 276 1860 oum
290 1799 324 1840 ⁴*
337 1798 481 1874 exigeret.
517 1814 644 1860 munera
668 1813 707 1858 ex
728 1804 852 1860 senatus
867 1800 1008 1861 consulto
1023 1815 1124 1860 emere
1138 1816 1187 1860 re·

206 1884 279 1960 gulo
294 1888 441 1959 quaestor
454 1882 559 1943 iussus
574 1888 749 1947 excentum
763 1883 868 1957 pondo
883 1883 1015 1959 argenti,
1036 1890 1066 1943 et
1080 1899 1185 1959 prose-

209 1968 258 2045 qui
275 1983 345 2029 eum
358 1966 512 2041 Puteolos,
533 1980 717 2041 omnemque
735 1972 905 2041 sumptum,
927 1967 1031 2042 quoad
1051 1967 1082 2026 in
1101 1967 1187 2028 ltalia

208 2059 303 2126 esset,
326 2051 490 2127 praebere,
518 2057 548 2111 et
567 2051 646 2110 duas
659 2064 755 2110 navos
773 2049 960 2123 conducere,
991 2051 1103 2126 quibus
1117 2051 1187 2126 ipse

124 2190 129 2195 .
208 2135 398 2211 comitesque
411 2134 494 2210 regis
509 2133 539 2193 in
557 2134 692 2195 Africam
713 2133 952 2204 deueherentur;
975 2141 1004 2194 et
1025 2133 1186 2195 comitibus

208 2220 358 2292 omnibus,
370 2218 474 2278 liberis
482 2219 652 2293 servisque,
665 2215 934 2278 vestimentedata.
956 2217 1186 2278 hauditarnulto

210 2309 280 2379 post
305 2303 344 2362 de
364 2303 460 2362 altero
474 2300 657 2362 Masinissae
677 2300 740 2361 lilio
755 2300 913 2376 Misagene
933 2301 1050 2361 litterae
1067 2301 1187 2362 adlatae

208 2396 288 2459 sunt,
304 2385 432 2444 missum
446 2398 514 2443 eum
534 2383 572 2442 ab
591 2384 624 2443 L.
646 2384 741 2444 Paulo
762 2390 834 2458 post
851 2383 1003 2445 devictum
1021 2383 1136 2445 Persea
1155 2385 1185 2444 in

207 2472 342 2531 Africam
357 2482 426 2526 oum
441 2466 595 2541 equitibus
611 2467 686 2540 suis,
700 2466 908 2540 navigantem,
929 2468 1071 2544 dispersa
1085 2469 1186 2528 classe

207 2553 237 2610 in
251 2549 426 2611 Hadriatico
437 2548 513 2607 mari
527 2548 723 2609 Brundisium
737 2548 834 2609 tribus
848 2552 979 2612 navibus
994 2566 1117 2627 aegrum
1134 2552 1185 2612 de·

207 2636 309 2693 latum.
338 2631 377 2690 ad
395 2646 465 2691 eum
480 2646 548 2691 cum
564 2630 673 2691 iisdem
687 2633 874 2709 maneribus,
890 2651 971 2711 quae
986 2636 1056 2696 data
1071 2635 1186 2694 Romae

207 2716 290 2776 fratri
311 2715 377 2774 eius
398 2722 498 2787 erant,
521 2715 554 2774 L.
570 2714 733 2777 Stertinius
747 2724 893 2791 quaestor
906 2718 1100 2779 Brundisium
1115 2717 1185 2778 mis·

207 2816 271 2872 sus,
288 2798 455 2874 iussusque
469 2813 585 2874 curare,
599 2807 633 2860 ut
646 2801 741 2861 aedes
755 2800 846 2876 hospi

207 2964 271 3025 XV.
294 2967 324 3024 in
340 2974 484 3041 quattuor
501 2967 636 3028 urbanas
653 2967 752 3028 tribus
773 2966 920 3055 descripti
941 2975 1027 3028 erant
1046 2967 1184 3042 libertini,

207 3058 329 3125 praeter
343 3065 414 3125 eos,
438 3050 549 3125 quibus
569 3051 650 3111 filius
673 3051 860 3126 quinquenni
877 3051 973 3112 maior
986 3067 1025 3112 ex
1046 3059 1185 3112 senatus

207 3140 306 3194 essetz
329 3148 394 3205 eos,
409 3134 462 3194 ubi
478 3134 617 3209 proximo
632 3136 728 3195 lustro
749 3135 834 3195 censi
849 3141 968 3208 essent,
990 3136 1110 3196 censeri
1124 3135 1185 3195 ius·

207 3224 320 3277 serunt.
357 3224 387 3277 et
402 3232 457 3277 eos
473 3217 525 3292 qni
542 3218 699 3292 praedium
714 3218 881 3293 praediave
894 3219 1009 3279 rustica
1023 3219 1120 3294 pluris
1136 3235 1184 3279 se·

208 3300 345 3361 startiam
358 3299 481 3376 triginta
494 3301 608 3360 milium
619 3301 783 3374 haberent,
805 3302 952 3362 censendi
973 3301 990 3341 *
1009 3302 1058 3362 ius
1072 3303 1185 3364 iactum

207 3392 263 3444 est.
300 3385 360 3445 hon
374 3400 444 3445 oum
459 3384 499 3444 ita
514 3390 668 3443 servatum
690 3391 788 3459 esset,
809 3386 941 3459 negabat
961 3385 1106 3447 claudius
1122 3386 1184 3447 sni·

209 3467 294 3541 lragii
310 3468 451 3529 lationem
466 3467 585 3527 iniussu
599 3467 705 3543 populi
721 3482 880 3527 censorem
899 3468 1039 3543 cuiquam
1058 3466 1183 3539 homini,
