2642 4017
267 263 383 324 Ltsslilt
397 263 528 325 XXXIX.
552 263 635 324 CAP.
650 273 696 327 tc.
708 273 752 329 49.
775 272 812 338 [a.
825 272 856 326 C.
869 272 931 339 183]
1037 265 1078 329 45

179 415 316 490 Legatus
331 416 361 474 in
375 414 587 475 Macedoniam
601 413 635 487 Q.
650 413 783 476 Marcim
805 423 853 476 est
873 415 1002 492 missus,
1017 417 1078 479 ius·

97 515 150 560 sus
167 499 254 559 idem
268 499 297 558 in
312 498 527 574 Peloponneso
545 500 701 559 sociorum
714 515 766 558 res
781 500 931 574 aspicere.
955 518 1025 562 narn
1037 502 1078 562 iti

97 599 225 659 quoque
240 590 324 643 etex
340 580 493 643 veteribus
509 581 674 643 discordiis
689 582 804 643 residui
819 590 919 643 motus
933 593 1034 659 erant,
1049 594 1079 647 et

95 666 245 728 Messenii
264 666 459 727 desciuerant
480 681 500 725 a
520 665 650 726 concilio
670 665 819 727 Achaico.
851 666 938 729 cuiue
954 666 1026 729 nelli
1049 678 1080 730 et

96 766 212 812 causas
230 758 260 811 et
283 751 423 812 ordinem
448 748 474 810 si
498 764 680 825 expromere
705 750 811 823 velim,
838 750 996 813 immemor
1020 753 1077 813 sim

96 835 267 911 propositi,
283 851 343 909 quo
355 833 446 895 statui
458 848 518 894 non
531 834 608 894 ultra
619 834 766 908 attingere
778 841 920 911 extunc,
940 836 998 897 nisi
1017 853 1078 911 qua

95 919 247 980 Romanis
255 917 461 979 ’cohaererent
474 911 579 978 rebus.
622 916 724 979 xllx.
745 926 876 981 eventus
897 920 1077 982 memorabi-

94 1002 130 1062 lis
144 1008 213 1078 est,
230 1002 315 1076 quod
329 1017 399 1062 cum
413 1000 494 1062 bello
509 1001 687 1077 superiores
701 1009 806 1063 essent
823 1002 956 1077 Achaei,
976 1003 1077 1064 Philo·

94 1101 231 1161 posmen
246 1093 369 1161 praetor
385 1100 492 1146 eorum
511 1085 642 1160 capitum,
658 1085 698 1145 ad
717 1088 1005 1162 praeoccupandam
1020 1086 1077 1151 Co·

92 1185 208 1245 rouen,
226 1185 319 1244 quam
329 1169 435 1230 hostes
447 1167 605 1244 petebant,
619 1166 653 1207 **
666 1168 696 1228 in
708 1170 787 1229 valle
799 1169 903 1244 iniqua
913 1187 980 1231 curn
992 1172 1077 1246 equi·

94 1253 174 1314 tibus
199 1254 310 1329 paucis
330 1268 512 1329 oppressus.
548 1253 650 1327 ipsum
671 1253 811 1328 potuisse
830 1252 965 1329 effugere
984 1255 1076 1316 Thra·

93 1352 163 1399 cum
179 1337 433 1411 Cretensiumque
444 1336 557 1397 auxilio
568 1336 704 1397 tradunt:
720 1337 778 1398 sed
791 1337 893 1413 pudor
902 1337 1077 1412 relinquen·

94 1420 125 1481 di
146 1421 288 1497 equites,
308 1418 517 1481 nobilissimos
536 1419 651 1496 gentis,
679 1420 718 1480 ab
738 1421 808 1497 ipso
830 1436 930 1497 nuper
950 1423 1076 1495 electos,

93 1507 200 1566 tenuit
234 1505 345 1582 quihus
366 1504 438 1564 dum
458 1504 561 1565 locum
581 1504 619 1565 ad
644 1504 823 1565 evadendas
844 1504 1003 1579 angustias
1024 1520 1078 1566 co

93 1591 198 1661 gendo
221 1588 291 1664 ipse
311 1603 421 1663 agmen
441 1587 582 1663 praebet,
604 1588 761 1649 sustinens
781 1589 913 1664 impetus
934 1588 1075 1662 hostium,

94 1673 247 1749 prolapso
263 1687 344 1747 equo
359 1679 388 1731 et
402 1688 458 1733 sno
473 1670 542 1747 ipse
556 1687 632 1732 casu
647 1679 678 1731 et
691 1687 785 1731 onere
806 1672 876 1747 equi
898 1687 993 1748 super
1008 1688 1076 1734 eum

94 1757 212 1817 ruentis
230 1755 313 1816 haud
326 1757 451 1816 multum
461 1757 551 1827 aluit,
570 1756 643 1831 quin
655 1756 888 1830 exanimaretur,
901 1757 1076 1832 septuagin-

96 1845 126 1897 ta
142 1856 243 1902 annos
264 1840 324 1900 iam
338 1847 444 1912 natus,
460 1847 492 1901 et
511 1839 628 1902 diutino
649 1839 774 1912 morbo,
797 1855 837 1898 ex
861 1856 921 1916 quo
939 1848 1001 1900 tum
1016 1839 1074 1916 pri·

95 1937 176 1984 mum
197 1923 409 1995 reficiebatur,
429 1923 545 1983 viribus
575 1922 741 1984 admodum
769 1924 940 1984 attenuatis.
976 1924 1073 1984 iocen-

95 2011 156 2066 tem
170 2007 280 2068 hostes
296 2008 451 2083 superfusi
465 2014 702 2083 oppresserunt;
719 2006 934 2082 cognitumque
948 2005 1076 2082 primum

98 2105 116 2148 a
136 2091 326 2152 verecundia
346 2091 554 2167 memoriaque
575 2092 751 2152 meritorum
770 2090 852 2152 haud
872 2106 963 2151 secus
985 2106 1077 2165 quarn

98 2173 210 2234 ducem
234 2190 322 2236 suurn
347 2175 485 2236 ottonum
510 2174 711 2251 reficiuntque
736 2182 766 2236 et
786 2191 825 2235 ex
841 2176 920 2235 valle
938 2174 1028 2234 devia
1047 2174 1077 2234 ln

99 2257 178 2316 ulam
193 2264 331 2334 portant,
357 2258 410 2317 vix
434 2256 556 2318 sibimet
579 2258 638 2334 ipsi
656 2274 732 2334 pras
756 2258 940 2333 necopinato
963 2257 1076 2332 gaudio

99 2341 278 2411 credentes;
304 2357 376 2417 pars
402 2341 524 2403 nuutios
549 2340 714 2401 Messenen
733 2342 929 2415 praemittunt
944 2340 1075 2401 debella·

98 2424 159 2484 tum
176 2441 265 2500 esse,
277 2423 546 2502 Philopoemenem
565 2432 688 2503 captum
701 2424 823 2485 adduci.
853 2424 982 2500 primurn
997 2425 1076 2484 adeo

99 2506 286 2570 incredibilis
301 2510 369 2571 visa
385 2525 452 2583 res,
467 2516 500 2570 ut
514 2524 576 2569 non
591 2525 647 2585 pro
673 2524 753 2568 vano
773 2509 866 2569 modo
882 2509 939 2568 sed
955 2508 1005 2567 vix
1021 2523 1076 2583 pro

99 2605 175 2654 sano
190 2594 314 2654 nuntius
330 2593 493 2655 audiretur.
523 2593 634 2654 deinde
648 2601 681 2654 ut
694 2608 788 2669 super
801 2594 892 2654 alium
907 2591 985 2653 alius
996 2591 1077 2652 idem

101 2689 208 2738 omncs
216 2677 412 2739 adfirmantes
420 2677 591 2752 veniebant,
603 2679 727 2738 undem
739 2677 819 2737 lacta
829 2678 967 2747 lides3et
978 2677 1079 2753 prius-

103 2775 192 2832 quam
206 2762 455 2836 appropinquare
473 2760 541 2821 urbi
561 2762 636 2822 salis
657 2761 786 2836 scirent,
807 2762 849 2821 ad
869 2763 1078 2836 spectaculum

103 2858 207 2906 ornnes
220 2846 311 2906 simul
326 2845 413 2906 liberi
427 2861 465 2906 ac
484 2845 582 2920 servi,
603 2845 691 2921 pueri
712 2860 835 2920 quoque
856 2861 925 2906 curn
947 2845 1077 2919 leminis,

104 2925 305 2990 effunduntur.
340 2929 444 3004 itaque
464 2931 637 2989 clauserant
658 2937 777 3004 portam
797 2927 902 3004 turba,
923 2929 994 2989 dum
1020 2943 1078 3005 pro

104 3023 138 3067 se
150 3012 296 3087 quisque,
312 3013 370 3073 nisi
381 3013 451 3087 ipsc
465 3013 563 3073 oculis
575 3013 640 3073 suis
651 3012 844 3085 credidisset,
858 3012 910 3072 vix
926 3030 983 3089 pro
996 3029 1078 3074 cour·

104 3102 186 3165 perta
197 3104 310 3157 tantan
324 3112 389 3156 rem
403 3096 563 3158 habiturus
577 3096 742 3157 videretur.
771 3111 864 3171 aegre
883 3112 1078 3158 summoven-

8 3179 10 3189 ¹
104 3181 148 3235 tes
157 3179 268 3241 obvios
280 3180 392 3241 intrare
402 3187 521 3256 portam
534 3181 584 3256 qui
596 3179 791 3241 adducebant
800 3180 1077 3255 Philopoemenem,

104 3268 272 3331 potuerunt.
303 3280 404 3341 oeque
418 3266 556 3325 conserta
570 3264 659 3324 turba
674 3265 731 3325 iter
744 3264 895 3339 reliquum
911 3266 1078 3335 clauserat,

106 3348 135 3400 el
149 3360 215 3407 cum
229 3364 302 3424 pars
324 3349 457 3408 maxima
481 3349 608 3410 exclusa
628 3365 647 3408 a
668 3350 846 3424 spectaculo
870 3356 969 3423 esset,
992 3348 1078 3407 thea-

106 3429 177 3490 trum
190 3438 326 3508 repente,
343 3432 426 3508 quod
445 3432 649 3507 propinquum
668 3432 736 3492 viae
749 3440 824 3505 erat,
840 3433 1078 3507 compleverunt

107 3516 134 3568 et
147 3522 178 3576 ut
191 3532 228 3577 eo
241 3517 484 3593 inconspectum
496 3517 603 3592 populi
615 3516 832 3590 adduceretur,
846 3531 908 3576 una
920 3527 999 3574 voce
1015 3527 1078 3572 om-
