2642 4017
326 289 441 351 LIBER
454 290 514 350 xL.
538 289 620 350 cAP.
634 298 662 353 8.
675 298 702 354 9.
725 298 761 365 [a.
774 297 881 364 &1821
1042 289 1085 354 59

101 439 275 515 deflagrare
288 439 351 499 iras
366 446 497 514 vestras,
511 441 636 517 purgari
650 441 847 517 suspiciones
861 454 967 517 posse.
995 442 1084 503 etiam

99 527 208 586 hostes
230 523 322 583 armis
345 523 455 599 positis
470 524 581 585 foedus
596 523 705 600 icisse,
728 531 759 586 et
772 525 908 600 privatas
923 525 1084 602 multorum

100 609 270 669 simultates
278 605 397 667 nutam
410 604 580 668 subituram
593 604 684 668 vobis
696 610 864 690 aliquando
877 609 1085 684 germanitatis

98 690 293 765 memoriam,
307 690 434 767 puerilis
450 690 606 768 quondam
620 691 822 768 simplicitatis
837 692 1084 753 consuetudinis·

102 791 165 851 que
179 775 343 847 intervos,
365 788 504 835 meorum
518 774 653 850 denique
667 782 916 852 praeceptorum,
938 790 1018 852 qnae
1032 791 1084 836 ve·

98 874 171 924 reor
199 874 239 918 ne
263 873 345 918 vana
368 857 471 919 surdis
499 858 624 919 auribus
653 858 824 919 cecinerim.
858 859 1001 935 quotiens
1025 874 1084 935 ego

98 940 295 1002 audientibus
317 939 408 1002 vobis
429 941 597 1002 detestatus
618 945 761 1019 exempla
780 943 1004 1004 discordiarum
1025 944 1085 1003 na-

98 1031 256 1096 ternnrnm
270 1024 444 1085 horrendos
459 1032 587 1087 eventus
598 1041 704 1087 eorum
715 1027 823 1101 rabuli,
839 1025 951 1103 quibus
966 1041 1002 1087 se
1016 1027 1084 1087 stir-

97 1123 235 1185 pemque
248 1117 344 1183 suam,
356 1108 477 1183 domos,
488 1111 584 1184 regna
596 1109 732 1171 funditus
744 1110 935 1172 everbssent.
956 1109 1085 1171 meliora

99 1207 228 1268 quoque
247 1192 389 1267 exempla
408 1199 495 1268 parte
514 1194 609 1254 altera
629 1193 736 1269 posui,
758 1193 935 1255 sociabilem
957 1209 1082 1255 conscr-

99 1275 214 1337 tionem
238 1276 317 1335 inter
338 1274 430 1335 binos
450 1275 764 1338 Lacedaemoniorum
786 1292 893 1353 reges,
919 1277 1083 1337 salutarem

97 1375 156 1435 per
166 1360 260 1419 multa
270 1360 377 1420 secula
386 1358 464 1434 ipsis
475 1359 670 1437 patriaeque:
685 1360 814 1421 eandem
825 1360 986 1431 civitatem,
998 1366 1082 1435 post·

98 1459 194 1518 quam
213 1455 282 1503 mos
303 1442 362 1503 sibi
382 1442 494 1518 cuique
513 1442 654 1518 rapiendi
673 1442 866 1521 tyrannidem
887 1449 1013 1504 exortus
1034 1442 1083 1515 sit,

98 1541 251 1588 eversam.
275 1527 336 1587 iam
349 1525 408 1587 hos
420 1526 588 1587 Eumenem
600 1527 798 1604 Attalumque
812 1527 936 1600 iratres,
958 1541 978 1585 a
992 1541 1082 1600 quam

98 1608 222 1684 exiguis
238 1608 348 1685 rebus,
369 1625 469 1686 prope
483 1617 517 1670 ut
529 1610 660 1686 puderet
672 1608 750 1686 regii
764 1609 911 1682 nominis,
933 1608 1005 1668 mihi
1019 1610 1082 1669 An·

97 1692 204 1754 tioclro
216 1700 246 1754 et
257 1693 380 1754 cuilibet
390 1709 498 1769 regum
508 1693 598 1754 huius
610 1693 726 1767 aetatis,
742 1694 825 1754 nulla
834 1708 869 1753 re
880 1692 978 1767 magis
991 1707 1082 1768 quant

99 1777 236 1837 fraterna
249 1776 455 1851 unanimitate,
470 1791 598 1851 regnum
612 1791 776 1851 aequasse.
802 1792 841 1835 ne
853 1775 1000 1838 Romanis
1016 1773 1082 1851 qui·

99 1860 171 1920 dem
186 1859 335 1936 exemplis
351 1858 493 1934 abstinui,
510 1874 590 1935 quae
604 1865 656 1919 aut
670 1858 739 1919 visa
750 1860 912 1920 autaudita
923 1858 1083 1932 habebam,

98 1943 131 2003 Τ.
147 1952 177 2003 et
190 1944 223 2002 L.
238 1942 460 2018 Quinctiorum,
482 1942 535 2020 qni
548 1943 661 2004 bellum
676 1958 795 2004 mecum
809 1947 987 2017 gesserunt,
1007 1940 1039 2000 P.
1054 1949 1085 2001 et

98 2027 133 2087 L.
149 2025 335 2103 Scipionum,
350 2026 402 2102 qui
413 2025 597 2088 Antiochum
610 2025 797 2101 devicerunt,
812 2025 908 2102 patris
922 2024 1084 2101 patruique

99 2126 217 2187 eorum,
230 2127 361 2187 quorum
374 2116 552 2186 perpetuam
562 2110 643 2170 vitae
654 2111 851 2172 concordiam
861 2125 945 2171 mors
958 2122 1084 2185 quoqne

99 2194 231 2254 miscuit
251 2210 352 2271 neque
366 2210 425 2256 vos
438 2192 560 2254 illorum
571 2194 674 2255 scelus
689 2193 859 2270 similisque
870 2192 979 2254 sceleri
990 2207 1082 2253 even·

99 2285 152 2337 tus
177 2278 331 2338 deterrere
346 2293 365 2337 a
383 2276 510 2338 vecordi
535 2275 692 2338 discordia
714 2276 826 2353 potuit,
852 2291 954 2351 neque
972 2275 1082 2336 hurum

99 2361 185 2421 bona
204 2377 305 2436 mens,
325 2361 409 2421 bona
428 2359 550 2421 inmune
565 2360 604 2419 ad
625 2360 784 2420 sanitatem
799 2360 934 2420 flectere.
965 2359 1038 2418 vivo
1053 2366 1084 2418 et

100 2443 237 2519 spirante
257 2460 306 2504 me
319 2443 519 2506 hereditatem
534 2458 634 2504 meam
649 2445 739 2506 ambo
755 2449 786 2503 et
799 2458 858 2518 spe
872 2448 903 2502 et
917 2441 1083 2516 cupiditate

98 2527 243 2602 improba
256 2527 405 2589 crevistis.
427 2543 466 2588 eo
480 2542 581 2604 usque
595 2542 644 2587 me
658 2527 764 2588 vivere
778 2526 878 2600 vultis,
894 2525 995 2586 donec
1009 2525 1082 2584 alte·

96 2610 165 2671 rius
189 2617 324 2673 vestinum
349 2617 509 2686 superstes
534 2611 616 2671 baud
638 2611 811 2686 ambiguum
831 2623 936 2684 regem
956 2609 1084 2669 alterum

96 2709 168 2754 mea
188 2702 285 2756 morte
305 2695 424 2756 faciam.
454 2710 513 2754 nec
527 2695 649 2754 fratrem
664 2709 721 2755 nec
735 2701 852 2770 patrem
867 2693 995 2767 potestis
1011 2690 1083 2767 pati.

96 2776 174 2837 nihil
195 2779 273 2853 cari,
293 2778 366 2838 nihil
388 2777 485 2839 sancti
502 2785 563 2839 est.
584 2777 616 2838 iu
631 2777 765 2838 omnium
779 2778 878 2837 vicem
891 2775 978 2850 regni
993 2776 1083 2836 unius

97 2861 281 2923 insatiabilis
296 2878 383 2922 amor
396 2861 557 2922 successit
586 2861 680 2935 agite,
697 2861 908 2922 conscelerate
922 2873 1013 2918 aures
1029 2874 1082 2933 pa-

97 2951 220 3017 ternas,
242 2946 397 3006 decernite
413 2944 604 3019 crirninibus,
619 2960 693 3004 mox
707 2945 788 3004 ferro
804 2942 970 3015 decreturi,
991 2939 1083 3002 dieite

98 3028 202 3103 palam
226 3028 376 3104 quidquid
399 3035 452 3090 aut
471 3026 536 3088 veri
559 3028 691 3102 potestis
716 3033 768 3088 aut
786 3027 860 3087 libet
879 3024 1083 3085 comminisci:

97 3119 255 3172 reseratae
274 3127 366 3172 aures
387 3118 473 3185 sunt,
499 3125 578 3185 quae
599 3110 730 3186 posthac
749 3109 877 3171 secretis
897 3108 1022 3170 alterius
1044 3107 1083 3166 ab

98 3193 195 3255 altero
211 3194 388 3255 criminibus
403 3194 612 3256 claudentur.“
633 3195 711 3255 baec
724 3196 829 3255 furens
842 3192 889 3253 ira
903 3207 972 3252 cum
987 3189 1083 3251 dixis·-

100 3285 161 3349 set‚
177 3278 322 3339 lacrimae
337 3278 479 3340 omnibus
493 3278 636 3352 obortae,
651 3284 683 3339 et
696 3277 749 3338 diu
763 3283 914 3338 maestum
929 3274 1083 3335 silentium

101 3360 206 3422 tenuit.

30 3463 33 3468 ⁴
106 3475 109 3480 v
183 3444 235 3506 IX.
256 3444 332 3505 Turn
350 3444 483 3506 Perseus
508 3442 697 3521 „aperienda
720 3442 860 3504 nimirum
882 3439 972 3503 nc'cte
992 3438 1083 3497 ianua

101 3526 171 3602 luit,
197 3534 227 3587 et
247 3526 354 3589 armati
374 3527 575 3589 comisatores
600 3528 786 3603 accipiendi,
800 3522 1083 3602 *praebendumque
