2642 4017
248 287 371 350 LIBER
384 288 516 350 xxxix.
537 286 619 347 CAP.
633 295 679 348 21.
693 294 739 348 ii.
761 292 798 361 [ι.
810 292 843 346 0.
856 292 918 360 166]
1038 285 1081 350 lb

104 439 179 500 xima
196 447 377 514 moverunt,
398 438 546 501 Romanis
560 446 592 499 et
605 453 682 499 suos
696 435 866 513 sepeliendi
880 445 912 498 et
925 436 1026 514 spolia
1040 440 1082 499 le·

104 522 188 598 gandi
206 540 246 585 ex
266 523 413 586 hostibus
433 529 572 597 potestas
591 523 673 583 iacta
692 528 749 582 est
784 535 902 597 paucos
923 528 996 596 post
1015 521 1082 583 dies

102 606 207 668 maiore
229 617 343 669 coacto
365 605 501 667 exercitu
515 604 655 667 celtiberi
676 604 716 664 ed
731 603 919 678 calagurrim
933 604 1081 679 oppidum

101 689 172 750 ultro
188 691 416 753 lacessiverunt
430 688 548 765 proelio
561 690 729 750 Romanos.
761 687 834 749 nihil
848 685 986 759 traditur,
1003 703 1083 761 quae

101 787 188 834 causa
197 789 330 836 numero
343 780 434 835 aucto
444 772 627 833 infirmiores
638 786 695 833 eos
708 771 822 833 iecerit
844 770 982 847 superati
993 786 1081 846 proe-

100 855 136 915 lio
156 865 241 919 sunt:
270 858 315 918 ad
337 856 501 918 duodecim
521 854 603 916 milia
623 855 908 927 hominum'caesa‚
929 856 999 929 plus
1020 855 1082 917 duo

100 946 196 1014 capta,
216 949 249 1001 et
272 941 389 1002 castus
401 940 558 1001 Romanus
579 937 704 1015 potitus.
731 944 762 1000 et
775 938 834 999 nisi
847 951 1015 1000 successor
1027 939 1081 999 ad·

102 1030 186 1083 ventu
205 1040 266 1085 suo
283 1022 472 1084 inhibuisset
484 1023 630 1099 impetum
644 1022 786 1097 victoris,
806 1020 926 1083 subacti
940 1020 1081 1083 Celtiberi

98 1105 199 1247 ⁴liorent„
235 1108 312 1168 novi
344 1115 502 1181 praetores
527 1106 617 1167 ambo
643 1106 796 1167 exercitus
821 1105 852 1165 in
876 1104 1003 1166 hiberna
1028 1107 1080 1166 de·

118 1199 253 1251 uxerunt,
294 1218 297 1222 <

173 1273 266 1333 XXll.
290 1274 352 1333 Per
363 1288 419 1334 eos
431 1273 507 1347 dies,
524 1273 635 1348 quibus
645 1272 723 1333 baec
733 1288 774 1333 ex
784 1271 933 1349 llispania
945 1274 1081 1334 nundata

97 1363 175 1430 sunt,
189 1358 254 1418 ludi
268 1356 374 1418 Taurii
388 1371 445 1432 per
457 1354 584 1417 biduum
597 1358 669 1417 iacti
682 1355 839 1430 religionis
853 1371 957 1416 causa.
985 1371 1080 1431 appe·

95 1446 174 1499 ratos
186 1440 303 1502 deinde
315 1441 405 1501 ludos
416 1439 457 1499 Μ.
464 1439 598 1514 Fulvius,
611 1456 692 1516 quos
704 1438 977 1501 voveratAetolico
988 1437 1079 1512 bello,

98 1522 171 1585 iecit
201 1524 293 1586 multi
318 1523 452 1584 artifices
478 1538 519 1583 ex
540 1523 669 1584 Graecia
692 1530 843 1585 venerunt
864 1520 993 1582 honoris
1013 1520 1080 1582 eius

98 1620 193 1668 causa.
222 1608 409 1671 athletarum
431 1621 555 1683 quoque
573 1615 726 1669 certamen
744 1615 808 1668 tum
820 1604 920 1681 primo
934 1604 1080 1666 Romanis

97 1693 269 1762 spectaculo
290 1691 361 1764 luit,
383 1698 413 1751 et
432 1690 554 1752 venatio
573 1691 645 1751 data
665 1691 789 1750 leonum
803 1697 834 1750 et
855 1688 1079 1763 pantherarum,

99 1780 126 1832 et
138 1790 234 1851 prope
247 1775 344 1837 huius
359 1772 456 1835 seculi
470 1774 561 1848 copia
575 1790 611 1833 ac
622 1773 769 1835 varietate
783 1772 933 1834 ludicrum
945 1772 1079 1834 celebra·

98 1862 221 1919 tumest.
245 1856 443 1920 novemdiale
454 1857 567 1918 deinde
577 1871 701 1917 sacrum
712 1855 817 1929 tenuit,
830 1856 914 1932 quod
925 1855 956 1915 in
966 1854 1079 1916 Piceno

100 1942 300 2011 pertriduum
323 1941 477 2015 lapidibus
492 1942 627 2016 pluerat,
650 1940 801 2015 unusque
816 1940 967 1999 caelestes
980 1939 1080 1998 multi·

100 2021 199 2084 lariam
219 2027 280 2088 orti
302 2024 463 2085 adussisse
479 2022 682 2099 complurium
695 2024 756 2085 levi
770 2020 887 2083 adflatu
899 2020 1081 2082 vestimenta

99 2108 223 2170 maxime
246 2109 438 2180 dicebantur.
467 2107 571 2168 addita
583 2113 615 2169 et
627 2124 723 2169 unum
737 2106 817 2168 diem
833 2104 1018 2181 supplicatio
1033 2113 1081 2166 est

100 2202 135 2247 ex
154 2190 281 2254 decreto
302 2191 496 2266 pontificum,
519 2191 604 2266 quod
624 2190 711 2252 aedis
733 2190 807 2268 Opis
827 2191 859 2250 in
874 2188 1023 2264 Capitolio
1041 2189 1081 2249 de

101 2275 179 2336 caelo
200 2284 286 2339 tacta
305 2283 379 2335 erat.
410 2273 521 2335 hostiis
536 2273 703 2336 maioribus
718 2276 864 2336 consules
879 2279 1081 2348 procurarunt

100 2356 266 2437 urbemque
286 2362 499 2420 lustraverunt.
531 2357 589 2419 sub
610 2356 693 2419 idem
712 2367 833 2434 tempus
855 2364 885 2416 et
901 2371 941 2415 ex
955 2354 1081 2416 Umbria

101 2443 321 2506 nmuatumest
331 2443 522 2504 semimarem
529 2440 693 2503 duodecim
703 2443 798 2502 ferme
808 2455 909 2501 annos
919 2445 1023 2498 natum
1035 2439 1079 2496 in-

100 2534 228 2589 ventum.
257 2527 289 2587 id
308 2526 482 2603 prodigium
502 2524 713 2587 abominantes
733 2525 832 2586 arceri
845 2524 984 2584 Romano
1005 2536 1079 2595 agro

102 2612 262 2687 necarique
278 2608 513 2685 quamprimum
529 2609 694 2670 iusserunt.

178 2695 298 2755 Eodem
318 2709 399 2753 anno
420 2691 498 2753 Galli
516 2692 708 2768 Transalpini
727 2691 914 2767 transgressi
933 2690 963 2750 in
978 2691 1079 2751 Vene-

103 2771 168 2837 tiam
179 2781 249 2840 sine
259 2776 459 2853 populatione
470 2781 523 2836 aut
532 2777 613 2837 bello
625 2775 709 2836 haud
720 2778 828 2851 procui
839 2775 919 2847 inde,
934 2774 986 2835 ubi
998 2789 1079 2834 nunc

103 2860 239 2935 Aquileia
260 2867 322 2936 est,
343 2863 445 2921 locum
465 2860 583 2935 oppido
602 2859 766 2921 condendo
781 2864 938 2934 ceperunt.
970 2857 1080 2933 legatis

103 2940 243 3006 Romanis
257 2944 298 3004 de
312 2959 350 3003 ea
360 2958 395 3003 re
405 2951 490 3004 trans
501 2944 598 3018 Alpes
609 2943 713 3003 missis
723 2958 907 3018 responsum
920 2948 967 3002 est
979 2955 1080 3016 neque

104 3031 255 3098 proiectos
277 3043 318 3089 ex
332 3027 512 3089 auctoritate
532 3026 632 3100 gentis
646 3042 713 3100 eos,
729 3042 787 3087 nec
801 3027 832 3085 in
846 3024 931 3085 ltalia
946 3023 1021 3100 quid
1036 3026 1050 3084 i
1067 3055 1079 3066 ·

105 3122 203 3173 oerent
216 3126 288 3173 sesa
302 3112 391 3172 scire.

178 3198 213 3258 L.
230 3193 334 3270 Scipio
350 3195 442 3257 ludos
457 3211 495 3255 eo
511 3203 657 3268 tempore,
678 3209 758 3269 quos
772 3192 854 3253 bello
868 3193 1010 3254 Antiochi
1025 3210 1080 3253 vo·

85 3341 89 3346 ,
105 3276 181 3340 visse
203 3295 276 3341 sese
296 3279 432 3353 dicebat,
453 3294 493 3339 ex
511 3279 623 3339 collata
641 3277 683 3337 ad
704 3276 735 3337 id
756 3275 887 3350 pecunia
901 3278 939 3336 ab
953 3276 1079 3350 regibus

106 3360 332 3439 civitatibusque
356 3378 413 3438 per
438 3361 505 3423 dies
526 3362 634 3421 decem
653 3358 733 3421 iecit.
766 3361 899 3434 legatum
918 3375 989 3419 eum
1008 3365 1080 3432 post

105 3442 322 3508 damnationem
341 3454 372 3507 et
387 3447 473 3507 bona
491 3445 616 3506 vendita
634 3435 762 3505 mi'ssmn
782 3442 813 3503 in
826 3444 934 3504 Asiam
954 3441 994 3500 ad
1008 3438 1080 3498 diri·

104 3531 207 3591 menda
224 3531 302 3591 inter
311 3529 496 3591 Antiochum
512 3537 542 3590 et
554 3529 720 3589 Eumenem
735 3542 824 3601 reges
840 3524 1003 3638 certamina
1017 3523 1079 3583 Va-

836 3617 853 3668 2
