2642 4017
307 299 423 362 urana
436 299 511 360 nu.
534 300 733 365 aaaron.
756 301 793 378 [a.
809 305 841 358 o.
859 304 921 380 ns]
1049 298 1110 364 117
1213 364 1223 385 ,

122 456 204 516 diem
228 455 348 516 tertium
366 453 437 514 idus
453 451 587 514 Sextiles
602 453 706 514 edixit.
737 453 837 530 plenis
852 451 1031 527 religionum
1046 454 1109 516 ani·

121 540 181 600 mis
198 538 337 614 prodigia
351 537 480 613 insuper
495 537 645 612 nuntiata,
666 537 789 598 Tusculi
805 537 902 598 lacem
918 536 949 597 in
965 538 1051 598 coelo
1066 539 1110 600 vl-

122 639 200 697 sam,
215 621 319 682 Gabiis
334 621 443 681 aedem
454 621 607 697 Apollinis
618 628 649 682 et
660 623 779 697 privata
790 618 932 681 aedilicia
943 623 1110 697 complura,

123 706 280 769 Graviscis
304 722 425 766 murum
452 713 634 782 portamque
655 706 695 765 de
716 707 802 766 caelo
824 710 914 766 tacta.
948 719 985 763 ea
1007 713 1110 779 patres

121 790 291 868 procurari,
305 790 349 851 nti
363 789 527 864 pontifices
542 788 746 862 censuissent,
761 789 926 850 iusserunt

205 875 284 935 Dum
300 875 444 935 consules
460 874 590 949 primum
603 873 778 950 religiones,
799 873 911 933 deiude
925 877 1053 936 alterum
1068 874 1110 933 al·

121 958 217 1020 terius
232 974 316 1019 mors
331 965 362 1018 et
376 957 499 1018 comitia
512 965 543 1018 et
552 957 726 1019 Latinarum
738 957 917 1019 instauratio
930 958 1110 1035 impediunt,

120 1043 241 1103 iuterim
258 1041 290 1102 c·
307 1040 451 1102 Claudius
467 1041 633 1103 exercitum
648 1043 689 1102 ad
701 1041 857 1115 Mutinam,
874 1059 966 1118 quam
981 1042 1110 1119 Ligures

120 1127 226 1202 priore
246 1141 328 1185 anno
350 1132 511 1201 ceperant,
532 1126 679 1187 admovit
710 1132 781 1187 ante
796 1126 929 1188 triduum
945 1143 1039 1206 quam
1054 1140 1109 1202 op·

122 1225 263 1286 pugnare
278 1217 438 1285 coeperat,
452 1216 609 1286 receptam
623 1225 664 1270 ex
678 1209 819 1272 hostibus
834 1212 955 1273 colonis
969 1209 1110 1272 restituit

121 1302 193 1355 octo
208 1295 291 1354 milia
304 1293 346 1353 ibi
356 1292 504 1368 Ligurum
516 1294 594 1354 intra
607 1310 713 1355 muros
728 1309 836 1364 cuesa;
858 1294 1039 1371 litteraeque
1049 1293 1110 1353 Ro

121 1394 203 1438 marn
218 1379 372 1453 externplo
386 1378 530 1454 scriptae,
546 1378 659 1454 quibus
675 1394 737 1439 nnn
750 1378 843 1438 modo
854 1394 919 1439 rem
931 1383 1111 1454 exponeret,

120 1463 180 1523 sed
194 1463 285 1523 etiam
298 1461 480 1537 gloriaretur
493 1477 552 1522 sna
565 1462 676 1522 virtute
684 1477 722 1522 ac
734 1462 875 1522 lelioitate
886 1461 1039 1522 neminem
1051 1460 1112 1519 iam

119 1548 166 1607 cis
194 1547 292 1621 Alpes
318 1544 439 1606 hostem
464 1546 571 1622 populi
594 1547 740 1617 Romani,
766 1544 896 1621 agrique
924 1546 1111 1622 aliquantum

119 1638 253 1705 captum,
270 1629 322 1704 qui
337 1629 438 1691 multis
452 1628 574 1690 milibus
590 1628 746 1689 bominum
761 1627 856 1688 dividi
870 1628 981 1690 viritim
991 1635 1111 1705 posset.

121 1715 214 1774 XVll.
237 1720 267 1775 et
279 1713 323 1773 Ti.
340 1710 541 1789 Sempronius
556 1712 667 1774 eodem
681 1718 820 1788 tempore
833 1712 864 1771 in
880 1711 1022 1775 Sardinia
1035 1714 1111 1772 mul-

119 1798 158 1858 tis
174 1796 320 1858 secundis
342 1797 470 1872 proeliis
486 1796 605 1858 Sardos
625 1796 808 1872 perdomuit
839 1797 1014 1873 quindecim
1029 1796 1112 1857 milia

118 1881 253 1942 hostium
270 1888 341 1943 sunt
355 1895 464 1942 oaesa=
487 1895 595 1940 omnes
607 1879 776 1941 Sardorum
791 1882 909 1957 populi,
925 1882 977 1958 qui
989 1881 1111 1942 deiece-

118 1972 203 2039 rant,
224 1966 255 2025 iu
276 1966 429 2025 dicionem
442 1964 571 2026 redacti.
598 1962 807 2040 stipendiariis
821 1964 977 2025 veteribus
993 1964 1109 2039 duplex

119 2049 254 2124 vectigal
274 2049 456 2124 imperatum
476 2058 697 2125 exactumque
726 2048 819 2109 ceteri
841 2047 1023 2108 trumentum
1038 2061 1112 2110 con·

118 2134 261 2194 tulerunt.
300 2140 410 2209 pacata
433 2131 595 2209 provincia
621 2131 847 2207 obsidibusque
868 2147 908 2192 ex
929 2138 992 2193 tota
1012 2132 1112 2193 insula

121 2217 264 2278 ducentis
274 2218 398 2293 triginta
408 2218 545 2293 acceptis
560 2217 651 2293 legati
662 2219 801 2293 Romam,
818 2215 870 2292 qui
882 2217 1112 2291 annuntiarent,

119 2300 217 2376 missi,
234 2301 349 2378 quique
364 2301 404 2362 ab
419 2307 527 2362 senatu
543 2308 697 2378 peterent,
711 2308 744 2364 ut
758 2300 799 2362 ob
814 2316 868 2361 eas
883 2315 935 2361 res
951 2301 1046 2363 ductu
1059 2318 1112 2361 au-

121 2385 286 2462 spicioque
298 2385 342 2444 Ti.
360 2384 534 2461 Sempronii
555 2400 706 2462 prospere
727 2391 832 2462 gestas
854 2385 914 2446 diis
935 2383 1112 2445 immortali·

119 2468 180 2530 bus
195 2468 296 2531 hunos
311 2470 490 2545 baberetur,
512 2469 635 2546 ipsique
650 2470 812 2532 decedenti
828 2469 868 2529 de
882 2469 1044 2546 provincia
1060 2483 1113 2527 ex-

119 2555 247 2614 ercitum
260 2568 365 2614 secum
377 2554 541 2630 deportare
552 2554 666 2615 liceret.
689 2560 816 2616 senatus
827 2553 858 2614 in
869 2554 948 2615 aede
959 2551 1113 2629 Apollinis

119 2639 289 2713 legatorum
303 2635 408 2698 verbis
423 2638 536 2701 auditis
551 2638 809 2715 supplicationem
824 2638 855 2697 in
867 2637 994 2700 biduum
1006 2638 1112 2698 decre-

118 2723 178 2794 vit,
202 2730 233 2783 et
247 2722 449 2798 quadraginta
468 2721 636 2784 maioribus
650 2722 760 2786 hostiis
775 2724 921 2784 consules
937 2721 1114 2783 sacrificare

119 2804 268 2880 iussitli-⁸
279 2805 494 2882 Sempronium
504 2809 724 2882 proconsulem
736 2807 966 2882 exercitumque
978 2823 1016 2868 eo
1030 2821 1111 2866 anno

118 2889 150 2948 ln
167 2889 328 2964 pruvincia
341 2904 476 2950 manere.

206 2973 335 3034 Comitio
356 2973 469 3034 deinde
491 2973 629 3034 consulis
649 2971 741 3033 nnius
757 2971 962 3049 subrogandi,
986 2973 1114 3049 quaein

65 3104 69 3108 .
119 3062 191 3117 ante
207 3057 288 3118 diem
304 3057 425 3118 tertium
440 3072 541 3119 nonas
553 3055 686 3119 Sextiles
701 3056 802 3117 edicta
817 3064 912 3134 erant,
929 3073 967 3119 eo
979 3059 1050 3135 ipso
1063 3057 1114 3118 die

119 3148 193 3201 suut
210 3144 361 3204 conlecta.
388 3141 422 3216 Q.
439 3141 574 3202 Petillios
589 3143 699 3201 consul
714 3141 873 3217 collegam,
889 3143 943 3218 qui
958 3142 1113 3216 extemplo

118 3224 332 3301 magistratum
346 3226 517 3303 occiperet,
533 3226 649 3286 creavit
667 3224 699 3285 C.
715 3225 873 3287 Valerium
884 3226 1063 3288 Laevinum.
1086 3224 1113 3283 Is

117 3310 179 3368 iam
200 3309 254 3370 din
275 3311 409 3387 cupidus
430 3309 625 3386 provinciae,
647 3325 717 3371 eum
738 3317 932 3386 opportunae
955 3306 1114 3385 cupiditati

118 3394 187 3453 eius
202 3393 320 3455 litterae
335 3395 456 3456 adlatae
471 3402 577 3456 essent
590 3394 719 3469 Ligures
733 3395 913 3469 rebellasse,
928 3394 1019 3453 nonis
1035 3390 1112 3450 Sex-

118 3477 222 3537 tilibus
239 3478 404 3553 paludatus
415 3478 449 3516 **
463 3478 570 3538 litteris
587 3477 699 3539 auditis
716 3480 862 3540 tumultus
877 3478 943 3538 eius
958 3489 1055 3535 causa
1069 3472 1112 3532 le-

118 3560 243 3635 gionem
263 3562 381 3622 tertiam
403 3563 442 3623 ad
464 3560 496 3621 C.
513 3561 674 3629 Claudiurn
694 3563 914 3639 proconsulem
936 3559 966 3619 in
985 3557 1110 3618 Galliam
