2642 4017
252 268 314 333 154
416 268 532 330 LIBER
544 268 633 328 llLll.
654 266 739 327 CAP.
751 274 796 329 30.
807 275 852 328 ³1.
875 272 911 340 [a.
922 271 958 324 U.
969 289 994 324 c.
1004 270 1069 338 681]

252 418 426 497 principum
447 418 570 479 diversa
590 432 734 478 cerneres
749 416 860 479 studia.
883 432 957 492 pars
972 415 1014 477 ita
1029 417 1059 477 in
1072 417 1232 479 Romanos

253 503 344 564 effusi
359 508 459 577 erant,
479 509 513 563 ut
527 501 735 563 auctoritatem
757 500 919 561 immodico
934 501 1041 561 iavore
1055 515 1234 576 corrumpe·

253 594 331 661 reat,
346 586 437 662 pauci
451 585 543 645 exiis
558 583 672 645 iustitia
685 582 805 659 imperii
817 583 948 644 Romani
959 584 1050 660 capti,
1064 584 1170 659 plures
1181 584 1234 658 itu,

256 672 284 732 si
297 669 495 746 praecipuam
515 682 642 743 operam
662 674 844 740 navassent,
865 673 1007 743 potentes
1021 682 1095 728 sese
1113 666 1143 728 in
1158 666 1235 728 ciri·

255 753 369 815 tatibus
390 750 455 813 suis
476 750 597 812 tuturos
616 750 684 810 rati.
715 765 789 825 pars
811 750 906 811 altera
924 749 1028 825 regiae
1048 749 1234 812 adulationis

257 843 331 906 erat
348 850 428 911 quos
439 849 494 894 aes
505 833 637 893 alienum
647 832 862 908 etdesperatio
872 848 973 895 rerum
986 849 1111 894 suarum
1122 833 1236 895 eodem
1317 848 1318 867 ¹

257 926 399 982 manente
429 923 511 978 statu
541 915 726 992 praecipites
749 916 791 976 ad
814 917 960 978 uomodo
982 916 1085 977 omnia
1108 916 1235 993 agebam

259 1002 410 1079 quosdam
424 1005 586 1060 ventosum
606 997 775 1075 ingenium,
797 999 870 1075 quia
882 999 1014 1061 Perseus
1028 1000 1126 1076 magis
1141 1014 1237 1060 aurae

258 1084 419 1162 popularis
430 1089 504 1143 erat.
515 1083 602 1145 tertia
611 1099 693 1158 pars,
705 1084 821 1159 optima
830 1082 939 1143 eadem
949 1090 980 1144 et
985 1083 1236 1160 prudentissima,

260 1168 287 1229 si
298 1167 404 1242 utique
414 1167 498 1241 optio
509 1165 624 1227 domini
634 1166 763 1242 potioris
774 1168 906 1239 daretur,
918 1166 1131 1230 subRomanis
1142 1182 1237 1243 quam
1318 1234 1319 1251 χ

261 1252 320 1314 sub
339 1265 414 1325 rege
433 1249 566 1310 malebat
586 1264 674 1310 esses
702 1249 729 1312 si
743 1250 872 1311 liberum
886 1249 958 1310 inde
971 1249 1128 1312 arbitrium
1140 1252 1238 1312 iortu·
1318 1274 1319 1289 ¹

260 1351 321 1396 nae
341 1340 440 1408 esset,
459 1340 598 1394 neutram
618 1341 735 1409 partem
753 1333 899 1395 volebant
918 1332 1122 1409 potentiorum
1140 1336 1238 1394 altura

261 1432 415 1495 oppressa
428 1416 503 1491 lieri,
517 1416 576 1478 sed
589 1416 711 1478 illibatis
726 1416 829 1493 potius
840 1415 955 1478 viribus
966 1417 1129 1494 utriusque
1139 1418 1237 1494 partis

261 1516 371 1578 pacem
395 1515 436 1560 cx
460 1515 561 1576 aequo
586 1515 725 1561 maneres
753 1500 796 1561 ita
819 1501 897 1561 inter
920 1506 1073 1578 utrosque
1091 1500 1238 1578 optimam

262 1584 476 1646 condicionem
490 1583 655 1644 autunum
670 1587 736 1646 iore
750 1589 929 1660 protegente
942 1586 1039 1646 altero
1054 1599 1178 1660 semper
1192 1583 1237 1643 in·

261 1684 353 1744 opem
372 1668 412 1729 ab
432 1668 555 1729 alterim
578 1667 698 1728 iniuria.
719 1668 797 1728 haec
810 1667 977 1729 sentientes
992 1667 1157 1730 certamina
1171 1668 1237 1728 iau·

260 1760 361 1814 torum
374 1751 535 1828 utriusque
547 1751 643 1827 partis
656 1750 741 1812 taciti
755 1767 795 1812 ex
809 1757 874 1812 tuto
889 1751 1079 1826 spectabant

346 1835 496 1897 Consules
518 1852 580 1911 quo
602 1835 652 1896 die
666 1835 874 1911 magistratum
888 1834 1033 1908 inierunt,
1055 1851 1096 1895 ex
1110 1841 1236 1895 matus

262 1921 403 1982 consulto
424 1934 494 1980 cum
515 1919 597 1980 circa
616 1921 718 1979 omnia
737 1919 823 1991 lana,
847 1918 878 1977 in
893 1915 1006 1994 quibus
1020 1915 1236 1979 lectisternium
1318 1954 1320 1985 ,

263 2003 409 2066 maiorem
422 2011 541 2078 partem
555 2000 627 2063 anni
641 2018 714 2063 csse
727 2003 815 2071 solet,
829 2000 997 2062 maioribus
1011 2001 1122 2063 hostiis
1131 2000 1237 2062 immo·

263 2089 394 2160 lassent,
416 2086 487 2147 inde
509 2101 620 2162 preces
640 2100 716 2145 suas
730 2091 874 2159 acceptes
888 2085 928 2145 ab
943 2083 1003 2146 diis
1017 2082 1238 2146 immortalibus

263 2170 395 2242 ominati
410 2169 529 2231 senatui
543 2169 600 2230 rite
610 2168 814 2228 sacrificaium
827 2165 1096 2244 precationemque
1107 2169 1146 2228 de
1156 2167 1238 2228 bello

262 2255 374 2315 iactum
387 2253 606 2314 renuntiarunt.
628 2250 810 2326 haruspices
823 2250 865 2310 ita
873 2253 1110 2328 responderunt,
1125 2250 1239 2326 siquid

261 2338 307 2398 rei
331 2350 432 2398 novae
452 2336 649 2411 inciperetur,
675 2333 706 2394 id
727 2334 939 2395 maturandum
960 2350 1048 2397 esses
1071 2334 1237 2402 victoriam,

261 2419 456 2495 triumphum,
471 2416 723 2493 propagationem
732 2420 838 2491 finium
847 2420 1000 2494 portendt.
1017 2426 1140 2495 pauca,
1160 2419 1241 2493 quod

260 2505 396 2578 suanum
410 2498 547 2575 felixque
561 2500 676 2575 populo
691 2501 832 2562 Romano
844 2509 939 2576 esset,
955 2501 1131 2563 centuriatis
1145 2503 1238 2562 comi·

260 2586 311 2646 tiis
332 2585 430 2660 primo
451 2598 576 2658 quoque
596 2583 646 2643 dre
665 2585 746 2644 ierne
766 2584 804 2643 ad
820 2585 967 2660 populum
982 2586 1127 2646 consules
1140 2584 1238 2645 iusse-

260 2674 346 2739 runt,
369 2672 403 2727 ut
423 2666 507 2741 quod
526 2666 659 2728 Perseus
680 2666 811 2742 Philippi
832 2666 928 2744 iiius,
950 2668 1153 2730 Macedonum
1172 2682 1238 2743 rex,

261 2749 413 2810 adversm
428 2749 539 2811 loedus
554 2765 622 2811 cum
636 2758 724 2826 patre
737 2750 879 2827 Philippo
894 2751 986 2813 ictum
1001 2760 1032 2813 et
1045 2767 1152 2813 secum
1166 2758 1239 2828 post

207 2854 211 2861 ·
260 2839 390 2893 mortem
405 2832 472 2894 eius
485 2842 666 2896 renovatum
681 2833 777 2895 sociis
797 2835 905 2911 populi
918 2836 1047 2897 Romani
1062 2851 1147 2897 arma
1161 2833 1238 2896 inar-

260 2916 357 2991 iisset,
368 2933 461 2993 agros
470 2925 626 2981 vastasset
634 2919 791 2995 urbesque
802 2925 997 2995 occupasset,
1010 2919 1156 2994 quodque
1167 2918 1239 2979 balii

262 3001 392 3075 parandi
423 3002 573 3064 adversus
597 3004 748 3079 populum
772 3002 943 3087 Romanum
967 3002 1097 3063 consilia
1120 3002 1236 3072 inisset,

261 3098 347 3143 arma
360 3084 469 3147 milites
484 3087 618 3148 classem
631 3086 698 3147 eius
711 3084 757 3145 rei
772 3101 869 3146 causa
882 3093 1110 3161 comparasset,
1130 3092 1165 3147 nt
1179 3084 1237 3145 uisi

261 3166 301 3226 de
320 3166 358 3228 iis
377 3167 472 3229 rebus
493 3168 712 3243 satisfecisset,
733 3169 846 3229 bellum
866 3183 935 3229 cum
950 3184 989 3230 eo
1005 3169 1140 3230 iniretur.
1161 3169 1237 3228 hacc

259 3249 378 3326 rogatio
399 3252 439 3313 ad
458 3253 607 3328 populum
620 3254 684 3315 lata
697 3259 754 3314 est
796 3251 902 3312 XXXI.
924 3254 1237 3314 senatusconsultum

259 3331 332 3394 iude
352 3335 464 3396 iactum
487 3342 549 3409 est,
570 3343 604 3396 ut
623 3337 769 3397 consules
791 3334 870 3395 inter
882 3334 1237 3411 acproviuciasltuliam

259 3417 509 3480 ctMacedoniam
521 3424 735 3494 compararent
745 3417 980 3487 sortuunmruea
995 3418 1045 3480 cui
1055 3417 1238 3479 Macedonia

260 3501 447 3577 obvenisset,
462 3508 496 3562 ut
509 3501 536 3561 is
550 3515 655 3576 regern
668 3500 782 3561 Persea
797 3499 911 3575 quique
925 3500 993 3562 cius
1008 3510 1124 3564 sectum
1138 3497 1236 3562 secuti
