2642 4017
281 255 543 317 ursusxxxrx.
566 256 648 317 aaa.
662 265 763 321 sam.
786 262 866 337 [sc.
883 267 945 336 rm]
1059 260 1102 325 aa

118 407 268 469 beneficio
290 405 433 476 restituti,
459 405 642 480 legationem
661 406 791 467 Romam
812 407 961 470 adsersus
980 418 1102 485 gentem

117 492 314 552 Achaeorum
334 489 376 549 ita
396 489 436 547 de
457 487 534 562 ipsis
554 490 691 549 meritum
712 491 939 567 suscepissent,
959 493 1102 570 adeoque

116 576 228 635 intesta
243 573 381 634 oratione
395 571 444 632 usi
459 579 573 644 essent
588 579 623 633 ut
636 573 734 648 patria
753 572 843 648 pulsi,
859 589 921 634 non
931 576 1061 638 restituti
1071 578 1102 638 in

115 675 185 719 eam
197 657 385 717 uiderentur.
408 657 522 715 clamor
531 655 669 731 undique
680 663 775 731 ortus,
789 658 917 718 referret
927 659 1102 722 nominatim

116 742 156 802 de
170 739 226 811 iis;
249 747 364 800 etcum
379 737 481 799 amaia
492 738 550 813 ira,
570 755 632 800 aon
648 740 778 801 consilio
793 747 978 818 gererentur,
994 742 1102 818 capitis

117 824 253 885 damnati
274 830 355 884 sunt.
383 837 500 897 paucos
520 830 593 898 post
612 823 680 883 dies
693 824 823 885 Romani
836 825 929 900 legati
943 835 1100 888 venerunt

115 907 288 969 hisdlitore
302 905 332 965 ia
344 905 478 965 Arcadia
491 906 653 967 detumest
662 906 833 968 concilium.
854 908 987 970 XXXVI.
1003 911 1102 985 prius·

116 1007 210 1067 quam
230 996 356 1064 agerent
378 987 556 1064 quicquam,
576 995 675 1050 terror
688 989 821 1052 Achaeis
844 991 973 1055 iniectus
995 1002 1060 1055 erat
1072 1000 1103 1056 et

117 1074 277 1148 cogitatio,
305 1088 396 1148 quam
418 1088 478 1132 non
501 1088 541 1131 ex
560 1088 662 1148 aequo
684 1073 865 1150 disceptatio
888 1077 987 1138 latura
1008 1085 1101 1152 esset,

118 1157 202 1233 quod
216 1158 332 1217 Areum
353 1164 383 1217 et
395 1154 585 1217 Alcibiadem
605 1157 716 1231 capitis
737 1157 774 1218 ab
790 1175 824 1220 se
840 1160 869 1219 in
885 1162 1014 1222 concilio
1030 1178 1100 1237 pra·

116 1242 201 1301 ximo
223 1241 384 1301 damnatos
406 1255 475 1300 cum
494 1237 603 1314 legatis
622 1240 782 1313 videbant,
804 1257 862 1304 nec
883 1243 1003 1306 hiscere
1018 1247 1099 1320 quis·

118 1341 211 1401 quam
222 1324 364 1386 audebat.
383 1322 505 1398 Appius
518 1338 555 1383 aa
566 1339 645 1399 quae
657 1326 740 1400 apud
752 1332 890 1388 senatum
904 1327 1004 1403 questi
1015 1337 1101 1390 erant

116 1407 353 1468 Lacedaemonii
367 1407 532 1482 displicere
547 1408 666 1469 senatui
678 1410 818 1485 ostendit,
834 1412 960 1472 eaedem
972 1411 1100 1485 primum

117 1493 157 1552 ad
169 1492 364 1567 Compasium
381 1492 489 1552 iactam
503 1506 619 1566 eorum,
635 1493 687 1567 qui
701 1493 965 1569 aPlrilopoemeae
976 1494 1018 1554 ad
1029 1510 1100 1556 cau·

119 1592 186 1636 sam
200 1574 362 1634 dicendam
375 1574 495 1636 evocati
511 1575 683 1646 venissent3
707 1577 819 1637 deinde
833 1592 903 1637 cum
916 1578 946 1638 in
961 1576 1099 1640 homines

117 1660 160 1720 ita
174 1658 324 1718 saevitura
340 1666 438 1731 esset,
458 1674 497 1719 ne
511 1657 542 1719 ia
556 1661 619 1719 ulta
633 1668 720 1734 parte
734 1660 898 1722 crudelitas
912 1677 1017 1724 eorum
1032 1677 1098 1724 ces·

118 1750 215 1816 saret,
235 1757 340 1802 maros
355 1742 472 1804 dirutos
487 1742 572 1803 urbis
586 1743 796 1804 nobilissimae
809 1759 896 1819 esse,
913 1746 997 1821 leges
1014 1754 1098 1807 vetu-

118 1826 270 1887 stissimas
290 1827 467 1901 abrogatas,
489 1826 696 1901 inclutamque
718 1842 772 1901 per
786 1835 893 1902 gentes
906 1828 1099 1903 disciplinam

117 1908 250 1988 Lycurgi
268 1909 426 1971 sublatam.
458 1909 535 1970 haec
554 1926 624 1970 cum
638 1909 760 1985 Appius
775 1911 919 1986 dixisset,
939 1913 1097 1989 Lycortas,

116 2001 146 2053 et
164 1994 238 2069 quia
258 2000 383 2068 praetor
403 1999 432 2054 et
452 1994 524 2069 quia
542 1993 789 2069 Philopoemenis
811 1992 943 2056 auctoris
966 1995 1099 2057 omnium

117 2092 197 2152 quae
210 2077 441 2137 Lacedaemone
452 2084 520 2138 ncta
532 2078 660 2152 luerent,
676 2078 817 2140 laedonis
828 2086 902 2153 erat,
917 2078 958 2140 ita
968 2094 1098 2155 respon·

116 2161 168 2221 dit.
202 2160 377 2235 „difficilior
396 2159 502 2235 nobis,
522 2161 582 2236 Ap.
605 2161 726 2236 Claudi,
749 2163 832 2238 apud
853 2179 911 2224 vos
932 2163 1029 2224 orado
1051 2170 1099 2225 est

116 2261 209 2319 quam
222 2245 339 2305 Romae
359 2260 458 2319 nuper
477 2245 562 2319 apud
576 2250 715 2306 senatum
730 2246 795 2306 luit.
821 2253 894 2307 tunc
909 2248 989 2307 enim
1002 2248 1096 2308 Lace·

114 2328 285 2389 daemoniis
297 2328 514 2390 accusantibus
524 2329 775 2404 respondendum
784 2336 865 2389 erat:
887 2331 1098 2392 nuncavobis

113 2412 344 2487 ipsisaccuscu·
359 2428 475 2487 sumus,
490 2413 573 2486 apud
588 2429 668 2488 quos
681 2428 776 2474 causa
787 2412 919 2473 dicenda
928 2419 984 2473 est
1007 2430 1098 2488 quam

112 2496 304 2570 iniquitatem
324 2495 512 2557 condicionis
528 2495 668 2559 subimus
682 2497 734 2557 illa
747 2513 814 2572 spe,
829 2495 939 2558 iudicis
953 2496 1053 2557 animo
1068 2504 1099 2558 te

112 2577 288 2641 auditurum
302 2594 383 2655 esse,
399 2579 500 2654 posita
515 2582 710 2641 contentione
725 2596 787 2656 qua
802 2583 894 2656 paulo
908 2588 979 2642 ante
997 2579 1095 2657 egisti.

112 2678 172 2737 ego
188 2669 286 2734 certe,
303 2677 372 2723 oum
387 2678 425 2724 ea
440 2678 520 2739 quae
534 2669 565 2724 et
577 2663 627 2725 hic
642 2672 732 2726 antea
744 2666 827 2740 apud
842 2664 876 2739 Q.
892 2665 1053 2727 Caecilium
1068 2672 1099 2725 et

113 2751 226 2820 postea
239 2745 355 2806 Romae
372 2747 473 2822 questi
486 2753 558 2807 sunt
571 2747 821 2821 Lacedaemonii,
843 2765 862 2808 a
875 2755 905 2810 te
921 2750 1012 2824 paulo
1027 2756 1097 2809 ante

112 2831 208 2890 relata
228 2827 304 2902 sint,
323 2846 387 2891 non
407 2829 460 2892 tibi
475 2831 533 2890 sed
546 2829 606 2891 illis
620 2834 766 2907 meapud
780 2841 810 2893 te
824 2834 1016 2907 respondere
1031 2848 1095 2893 cre·

113 2913 193 2972 dam.
223 2914 350 2973 caedem
370 2913 490 2975 obicitis
511 2929 632 2987 eorum,
656 2917 709 2991 qui
724 2914 992 2991 aPhilopoemene
1007 2931 1095 2993 prae-

112 3003 179 3057 tore
193 2996 313 3057 evocati
328 2997 367 3056 ad
383 3014 507 3058 causam
522 2997 684 3058 dicendam
698 3000 845 3060 interlecti
860 3006 939 3063 sunt.
961 2999 1022 3060 boc
1037 3014 1095 3075 ego

113 3077 227 3139 crimen
243 3096 305 3140 noa
320 3081 412 3142 modo
425 3098 446 3141 a
459 3080 562 3153 vobis,
580 3082 720 3156 Romani,
735 3081 792 3143 sed
806 3098 845 3142 ne
859 3083 943 3157 apud
955 3098 1014 3145 vos
1030 3083 1095 3159 qui·

113 3163 183 3222 dem
203 3163 294 3224 nobis
313 3163 506 3225 obiciendum
520 3164 618 3226 luisse
632 3165 772 3226 arbitror.
804 3166 878 3241 quid
895 3165 958 3227 itat
979 3168 1050 3243 quia
1064 3167 1095 3226 in

113 3252 216 3306 vestro
238 3246 364 3307 loedere
380 3256 458 3322 erat,
479 3255 513 3310 ut
525 3248 682 3309 maritimis
696 3248 825 3310 urbibus
839 3249 1025 3312 abstinerent
1037 3250 1095 3309 La·

116 3329 313 3391 cedaemonii.
346 3337 566 3408 quottempore
586 3331 679 3392 armis
701 3334 799 3409 captis
820 3334 929 3408 urbes,
949 3332 1094 3408 aquibus

102 3412 264 3474 'abstinere
283 3415 361 3475 iussi
382 3423 480 3490 erant,
501 3424 651 3479 nocturno
673 3416 785 3492 impetu
801 3422 1044 3492 occupaverunt,
1067 3412 1095 3474 si

115 3491 144 3553 l.
160 3496 333 3570 Quinctius,
348 3499 375 3558 si
390 3498 543 3560 exercitus
558 3501 730 3574 Romanus,
751 3501 830 3561 sicut
845 3507 948 3570 antea,
963 3495 993 3555 in
1006 3496 1093 3558 Pelo-

154 3596 179 3637 r.
201 3596 265 3640 rrvr
286 3597 362 3642 rans
384 3585 422 3643 V.
867 3579 885 3630 3
