2642 4017
242 316 305 380 246
388 313 503 374 LIBER
517 313 621 373 XLIV.
643 312 727 373 CAP.
740 320 784 375 sit
794 320 840 375 39.
863 319 900 387 [a.
912 318 947 371 U.
959 336 983 373 c.
994 321 1058 386 sci]

243 484 333 530 suum
348 466 524 540 consiliam,
546 465 627 524 idem
641 471 767 540 postea,
788 461 831 523 ita
843 469 878 524 ut
889 463 1041 526 transisse
1054 463 1085 523 in
1100 470 1222 526 senua·

241 554 315 614 tiam
325 566 425 613 meam
434 548 532 610 videri
544 555 665 624 posset,-
672 546 774 609 tacuit
788 546 974 623 quibasdam
984 549 1053 611 aliis
1064 547 1223 610 absentem

244 650 374 713 carpere
402 634 615 709 imperatorem
636 647 730 707 quam
749 636 945 706 praesentem
966 646 1093 693 manere
1113 632 1222 694 meiius

242 722 344 782 visum
359 724 416 780 ost.
439 724 471 778 et
483 715 547 789 tibi,
560 715 593 775 P.
607 714 733 790 Nasica,
748 722 780 775 et
794 715 981 791 quicumque
993 714 1076 777 idem
1091 716 1223 792 quadiu

243 804 394 867 occultius
409 807 580 874 senserunt,
594 814 656 860 non
671 799 823 874 gravabor
833 799 965 860 reddere
975 800 1087 862 dilatae
1100 816 1223 876 pugnae

242 888 401 950 rationem.
422 901 494 945 nam
509 890 623 945 tantum
637 883 728 945 abest
739 890 773 944 nt
786 897 836 943 me
848 881 1013 945 hesternae
1024 884 1136 962 quietis
1149 900 1222 960 pae-

243 974 353 1043 niteat,
373 977 407 1030 nt
421 974 576 1029 servatum
597 983 616 1027 a
635 982 685 1026 me
704 967 872 1029 exereitum
887 982 927 1029 eo
941 970 1072 1030 consilio
1087 968 1221 1029 credam.

243 1056 273 1115 in
291 1071 352 1130 qua
366 1068 415 1113 me
429 1050 576 1128 opinione
590 1064 664 1112 esso
678 1067 717 1112 na
732 1052 802 1127 quis
818 1051 885 1112 siue
897 1066 995 1113 causa
1007 1061 1145 1114 vostrum
1158 1066 1222 1113 cre·

243 1139 305 1213 dat,
318 1143 532 1212 recognoscat,
547 1135 688 1212 agedum
703 1150 832 1207 mecum,
844 1134 873 1196 si
882 1134 1014 1210 videtur,
1027 1152 1119 1213 quam
1130 1137 1223 1197 muita

243 1222 405 1299 preneste
424 1228 455 1282 et
468 1219 619 1280 adversus
638 1234 698 1280 nos
713 1220 835 1280 tuerint.
855 1219 916 1280 iam
931 1220 1067 1282 omnium
1082 1221 1221 1296 primum,

243 1313 390 1384 quantum
410 1318 539 1366 numero
560 1319 618 1365 nos
639 1308 813 1379 praestent,
836 1305 988 1366 neminem
1006 1311 1144 1366 vestrum
1165 1319 1223 1364 nec

244 1397 315 1452 ante
325 1390 497 1466 ignorasse,
507 1395 539 1450 et
548 1387 696 1449 bestamo
708 1387 759 1449 die
770 1388 954 1463 explicatam
964 1387 1118 1451 intuentes
1125 1385 1223 1448 aciem

244 1473 512 1543 animadvertisse,
535 1478 651 1533 eertum
670 1472 782 1534 habeo.
810 1487 851 1531 ex
870 1471 929 1535 hac
948 1479 1055 1535 nostra
1069 1470 1223 1551 paucitate

244 1565 353 1636 quarta
371 1573 445 1634 pars
464 1556 590 1619 miiitum
605 1556 761 1632 praesidio
782 1556 1008 1631 impedimentis
1021 1557 1128 1619 relicta
1142 1563 1222 1626 oram

244 1657 301 1703 nec
320 1640 552 1717 ignavissimum
573 1656 728 1718 quemque
741 1639 874 1715 relinqui
887 1641 927 1702 ad
941 1641 1113 1702 custodiam
1128 1640 1222 1702 sarci·

243 1741 351 1786 narum
372 1725 467 1786 scitis.
489 1727 547 1787 sed
568 1725 716 1786 metimus
738 1739 856 1787 amnes.
883 1738 1013 1801 parvum
1027 1724 1224 1787 hectandem

244 1824 316 1870 esso
331 1807 500 1880 credimus,
523 1809 608 1886 quod
622 1825 662 1869 ex
676 1808 725 1870 his
740 1810 867 1884 castris,
888 1809 918 1868 in
933 1809 1045 1886 quibus
1059 1809 1118 1870 hac
1132 1814 1223 1869 nocte

243 1891 421 1967 mansimus,
437 1893 547 1955 exituri
560 1892 591 1954 in
605 1894 703 1953 aciem
717 1892 869 1954 hodierna
883 1901 935 1955 ant
948 1908 1101 1956 summum
1115 1891 1223 1953 crasti-

243 1993 284 2038 no
299 1977 365 2050 die,
381 1974 409 2038 si
423 1978 465 2037 ita
474 1976 640 2050 videbitur,
656 1976 717 2037 diis
731 1976 811 2036 bene
825 1978 1013 2054 iuvantibus,
1028 1984 1157 2039 sumust
1178 1978 1223 2038 ni-

243 2063 326 2122 hilne
336 2062 471 2135 interest
484 2068 584 2122 nuum
594 2061 727 2134 militem,
741 2076 832 2136 quem
843 2077 945 2137 neque
953 2063 1022 2123 siae
1032 2060 1224 2122 inborhndie

242 2162 344 2222 neque
358 2144 463 2222 operis
477 2144 662 2222 fatigaverit,
683 2145 868 2221 requietum,
883 2146 1032 2222 integrum
1047 2144 1078 2206 in
1093 2145 1223 2207 tentorio

243 2246 302 2291 sno
324 2246 409 2291 arma
429 2245 542 2306 capere
555 2229 679 2304 iubeas,
702 2236 794 2306 atque
807 2230 838 2290 in
854 2230 951 2291 aciem
964 2232 1091 2306 pienum
1102 2227 1224 2304 virium,

243 2314 397 2391 vigentem
417 2321 448 2374 et
467 2328 600 2389 corpore
620 2321 651 2374 et
665 2314 766 2374 animo
788 2315 921 2389 educas,
941 2330 981 2374 an
1000 2316 1094 2389 longo
1114 2313 1225 2375 itinere

242 2399 399 2473 fatigatum
413 2404 444 2458 et
457 2413 553 2458 onere
566 2399 693 2470 sessum,
714 2398 886 2459 madentem
901 2398 1024 2471 sudore,
1045 2397 1224 2459 ardentibus

243 2481 294 2542 siti
308 2481 463 2554 faucibus,
488 2495 543 2539 ore
557 2488 651 2554 etque
665 2482 764 2541 ocutis
778 2481 904 2558 repletis
919 2483 1062 2556 pulvere,
1086 2488 1224 2542 torrente

241 2564 410 2624 meridiano
424 2563 507 2636 soie,
527 2561 609 2623 hosti
624 2563 741 2623 obicias
754 2564 885 2638 meanti,
903 2565 1058 2640 requieto,
1075 2564 1128 2641 qui
1140 2565 1224 2626 auita

241 2660 276 2705 re
289 2652 359 2704 ante
373 2651 573 2722 consumptas
586 2644 671 2706 vires
685 2647 726 2706 ad
739 2647 892 2721 proelium
907 2648 1047 2709 adrorati
1069 2649 1148 2724 quia,
1163 2664 1222 2724 pro

243 2729 335 2788 deum
350 2728 451 2802 iidem,
466 2729 509 2790 ita
523 2735 728 2806 comparatus,
744 2731 793 2791 vel
807 2731 891 2792 iners
903 2737 995 2807 atque
1005 2731 1144 2805 imbellis,
1160 2734 1223 2793 ior·

241 2811 393 2874 tissimum
413 2814 512 2876 virum
532 2830 594 2875 non
611 2814 740 2875 vicerit?
761 2816 835 2891 quid
850 2815 935 2892 quod
947 2816 1054 2876 hostes
1069 2832 1128 2895 per
1139 2830 1223 2876 sunr-

241 2913 325 2958 mum
345 2899 441 2959 otiam
459 2901 668 2961 instruxerant
687 2899 798 2974 aciem,
819 2906 1079 2975 praeparaverant
1093 2898 1222 2972 animos,

242 2981 364 3043 stabant
378 2982 540 3060 compositi
554 2983 621 3044 suis
637 2983 770 3059 quisque
785 2983 960 3056 ordiniaus,
984 2982 1075 3046 nobis
1088 2991 1160 3045 tunc
1173 2999 1223 3043 re-

242 3073 336 3141 pente
347 3067 561 3142 trepidandum
578 3067 610 3127 in
624 3065 692 3126 acte
702 3067 880 3128 instmenda
891 3073 957 3129 eret
968 3073 999 3128 et
1008 3065 1223 3143 incompositis

242 3151 509 3211 concurrendum
527 3150 659 3210 XXXIX.
683 3156 714 3210 at
728 3149 852 3211 hercule
866 3149 962 3211 aciem
977 3150 1102 3228 quidem
1115 3150 1224 3212 incon·
1260 3146 1264 3151 ’

242 3233 336 3294 ditam
349 3233 614 3310 inordinatamque
627 3231 860 3308 habuissemus,
882 3242 983 3296 castra
996 3235 1127 3310 munita,
1151 3251 1224 3310 pro-

241 3318 340 3379 visam
354 3317 558 3394 aquationem,
573 3324 671 3378 tntum
686 3317 726 3377 ad
740 3332 808 3377 eam
818 3319 876 3379 iter
886 3319 1049 3393 praesidiis
1059 3319 1224 3395 impositis,

242 3404 402 3479 explorata
422 3401 504 3462 circa
525 3400 641 3459 narnias
667 3416 706 3459 an
726 3400 802 3460 nihil
822 3400 919 3461 nostri
932 3402 1081 3463 habentes
1101 3408 1227 3478 praeter

243 3485 358 3547 nudum
373 3499 523 3561 campum,
544 3483 575 3541 in
591 3498 652 3558 quo
668 3491 898 3558 pugnaremust
915 3486 1048 3546 maiores
1062 3484 1159 3546 rastri
1173 3500 1226 3546 ea·

245 3573 309 3628 stra
328 3567 444 3630 munita
462 3571 584 3643 portum
605 3566 647 3626 ad
667 3581 773 3627 amnes
793 3582 888 3629 casus
901 3568 1055 3628 exercitus
1071 3568 1227 3630 ducebant
