2642 4017
291 241 482 302 umnam.
506 241 709 306 carran.
732 245 888 323 [nonu]
1045 244 1085 310 rr
1148 200 1154 218 ’

98 395 203 468 chum,
227 390 379 452 maximos
407 397 533 451 nostrae
557 392 666 453 aetatis
674 407 781 467 -reges
802 394 976 471 ducesque,
1002 394 1084 459 vice

96 484 180 549 runt,
199 476 256 535 sed
270 476 323 550 iis,
346 475 399 550 qui
413 474 472 535 hos
490 475 578 551 ipsos
592 473 722 551 Ligures
737 477 921 553 aliquotiens
937 495 1084 556 pecorum

95 562 189 622 modo
204 558 357 635 fugientes
380 573 436 633 per
456 559 553 619 saltus
573 558 676 621 invios
699 560 868 622 consectati
888 561 1085 626 cecideruntt

96 645 182 721 quod
206 642 351 718 Hispani,
383 643 467 718 quod
498 642 590 718 Galli,
623 644 709 721 quod
733 643 922 705 Macedones
949 645 1084 708 Poenive

94 745 157 791 non
178 728 327 800 audeant,
352 726 528 802 Ligustinus
548 725 647 789 bostis
667 728 780 788 vallum
799 728 972 793 Romanum
993 729 1083 807 subit,

95 812 220 874 obsidet
242 812 322 871 ultro
349 816 380 870 et
403 817 576 887 oppugnat,
603 826 695 886 quem
719 818 893 874 scrutantes
918 821 1009 875 antea
1030 815 1083 875 de

93 896 164 957 vios
186 896 284 956 saltus
309 893 445 959 abditum
465 901 496 955 et
515 895 657 957 latentem
677 894 730 955 vix
754 895 1015 959 inveniebamus.“
1042 898 1083 960 ad

93 981 174 1040 haec
189 978 386 1040 consentiens
404 978 590 1039 reddebatur
608 978 734 1040 militurn
749 980 878 1053 clamor,
899 983 1013 1043 nullam
1027 982 1082 1043 mi·

93 1065 180 1125 litum
195 1064 317 1138 culpam
331 1077 412 1134 esse,
428 1061 540 1136 quibus
555 1077 645 1123 uerno
660 1063 702 1122 ad
717 1064 938 1140 erumpendum
960 1066 1081 1142 signum

95 1147 244 1208 dedisset
274 1147 362 1207 daret
372 1146 509 1222 signum:
532 1146 753 1209 intellecturum
770 1149 899 1209 eosdem
917 1150 971 1227 qui
990 1158 1081 1211 antea

95 1232 209 1292 luerint
232 1237 264 1291 et
281 1230 438 1291 Romanos
461 1236 491 1289 et
509 1228 638 1305 Ligures
662 1246 745 1293 essa
783 1231 917 1293 xxviii.
941 1233 1014 1293 bina
1035 1230 1080 1295 cis

95 1322 216 1376 montes
239 1320 341 1375 eastra
359 1314 504 1389 Ligurum
526 1323 619 1375 erant.
648 1315 743 1376 exiis
760 1316 867 1391 primis
885 1316 995 1377 diebus
1013 1316 1106 1395 sole,

96 1408 163 1461 orto
191 1399 305 1475 pariter
328 1413 435 1459 omnes
462 1398 623 1474 compositi
644 1406 676 1460 et
694 1400 834 1461 instructi
852 1400 1080 1476 procedebant,

95 1491 160 1545 turn
173 1483 232 1543 nisi
253 1480 396 1543 exsatiati
409 1480 478 1542 cibo
492 1480 628 1558 unoque
642 1499 803 1544 armenon
820 1484 996 1560 capiebant,
1017 1483 1080 1543 dis·

96 1567 182 1644 persi
201 1566 366 1627 inordinati
386 1566 525 1641 exibant,
544 1575 579 1628 ut
593 1567 706 1642 quibus
719 1584 777 1644 pro
792 1583 851 1644 spe
866 1575 982 1629 certum
997 1574 1082 1628 esset

96 1651 203 1716 bostes
219 1656 307 1710 extra
326 1650 440 1710 vallum
454 1649 543 1726 signa
556 1667 617 1712 non
636 1653 781 1713 elaturos.
812 1650 964 1713 adversus
980 1651 1021 1713 itu
1035 1651 1078 1712 in·

95 1734 286 1811 compositos
302 1750 357 1795 eos
372 1733 531 1798 venientes
547 1736 682 1795 clamore
698 1735 811 1811 pariter
822 1736 965 1811 omniurn,
981 1735 1035 1812 qui
1048 1733 1079 1796 in

95 1820 206 1881 castris
227 1824 327 1894 erant,
350 1821 491 1880 calonum
511 1834 637 1896 quoque
652 1826 684 1879 et
696 1820 826 1880 lixarum
846 1821 968 1882 sublato
989 1819 1080 1881 simul

95 1904 238 1966 omnibus
252 1903 350 1979 portis
361 1903 491 1964 Romani
502 1909 678 1979 eruperunt.
699 1902 863 1979 Liguribus
874 1904 954 1964 adeo
966 1904 1080 1978 impro-

96 1990 165 2049 visa
184 2004 236 2049 res
256 1988 326 2062 luit,
347 1996 381 2048 ut
395 1988 523 2063 perinde
540 2003 578 2047 ac
591 1987 618 2047 si
633 1985 754 2048 insidiis
769 1987 966 2048 circumventi
981 1987 1081 2047 lorent

95 2073 293 2148 trepidarent.
319 2072 463 2147 exiguum
477 2073 624 2147 temporis
641 2072 745 2147 aliqua
759 2073 858 2132 lorrna
874 2085 995 2146 pugnae
1010 2069 1079 2130 luit:

95 2155 292 2232 lugadeinde
303 2155 630 2231 effusaetiugientium
642 2153 763 2232 passim
774 2155 888 2216 caedes
899 2160 973 2214 erat.
995 2153 1079 2228 equi-

94 2241 179 2301 tibus
199 2241 271 2301 dato
292 2238 399 2315 signo,
423 2246 458 2301 ut
477 2240 723 2301 conscenderent
743 2253 843 2314 equos
864 2253 923 2315 nec
942 2236 1081 2314 elingere

95 2340 282 2401 quemquam
294 2324 437 2398 sinerent
450 2325 478 2384 in
492 2330 593 2385 castra
600 2338 708 2384 omnes
717 2322 839 2398 trepida
845 2321 918 2396 iuga
929 2320 1081 2396 compulsi

94 2415 181 2482 sunt,
203 2407 316 2468 deinde
335 2408 413 2484 ipsis
434 2409 518 2470 exuti
540 2408 658 2469 castris.
691 2422 788 2483 supra
809 2403 984 2482 quindecim
999 2402 1081 2464 milia

93 2490 240 2569 Ligurum
251 2508 289 2553 eo
301 2493 353 2552 die
364 2493 478 2567 occisa,
494 2493 575 2567 capti
586 2493 648 2554 dno
660 2492 743 2552 milia
754 2497 785 2550 et
795 2488 963 2567 quingenti.
978 2488 1079 2549 triduo

94 2583 168 2652 post
183 2576 328 2650 Ligruum
348 2577 552 2652 Ingaunorum
571 2591 684 2637 nomen
706 2590 796 2638 omne
817 2574 978 2636 obsidibus
1000 2569 1081 2632 datis

92 2660 125 2721 in
137 2659 292 2721 dicionem
305 2659 397 2721 venit.
419 2662 640 2736 gubernatores
651 2667 826 2735 nautaeque
836 2657 1012 2736 conquisiti,
1029 2656 1081 2733 qui

91 2745 296 2822 praedatores
316 2745 446 2806 luissent
465 2746 611 2817 navibus,
634 2753 727 2821 atque
741 2759 847 2805 omnes
862 2743 893 2803 in
908 2741 1081 2804 custodiam

92 2828 235 2891 coniecti.
264 2835 325 2889 eta
341 2829 371 2889 c.
386 2829 520 2891 Matieno
542 2830 703 2890 duumviro
720 2844 816 2889 naves
832 2828 899 2888 eins
912 2825 1035 2902 generis
1049 2825 1080 2884 in

90 2912 254 2989 Ligustina
274 2928 329 2973 ora
342 2914 463 2991 triginta
475 2915 554 2975 duae
569 2921 678 2988 captae
692 2921 774 2974 sunt.
800 2911 879 2971 haec
894 2911 948 2987 qui
961 2909 1080 2971 nuntia·

90 3004 161 3059 rent
181 2998 360 3072 litterasque
378 2999 418 3058 ad
438 3004 577 3059 senatum
591 2999 720 3071 ferrent,
739 2997 772 3056 L.
787 2996 932 3056 Aurelius
948 2995 1033 3056 Cotta
1047 2993 1079 3053 C.

92 3081 254 3157 Sulpicius
270 3081 374 3142 Gallus
390 3084 519 3144 Romam
532 3081 635 3157 missi,
656 3080 809 3156 simulque
824 3086 978 3155 peterent,
998 3086 1033 3140 ut
1046 3079 1079 3138 L,

90 3163 226 3226 Aemilio
249 3166 390 3226 conlecta
410 3166 570 3242 provincia
589 3165 741 3226 decedere
761 3170 792 3225 et
805 3164 960 3225 deducere
975 3179 1080 3224 secum

89 3248 205 3309 milites
226 3249 332 3309 liceret
353 3257 445 3326 atque
466 3251 624 3312 dimittere.
655 3257 820 3326 utrumque
840 3246 1026 3324 permissum
1041 3246 1079 3306 ab

91 3340 219 3409 senatu,
241 3340 271 3394 et
291 3335 475 3410 supplicatio
497 3335 537 3394 ad
559 3334 660 3396 omnia
681 3333 853 3411 pulvinaria
876 3331 1080 3408 pertriduum

91 3417 228 3492 decreta,
245 3416 385 3494 iussique
399 3426 558 3494 praetores
572 3417 707 3479 Petillios
721 3419 856 3480 urbanas
872 3415 1022 3477 dimittere
1035 3413 1078 3471 le-

90 3500 353 3577 sinuessanus
374 3503 468 3564 sociis
490 3511 582 3578 atque
603 3502 718 3564 nomini
731 3502 839 3563 Latino
860 3497 1013 3560 remittere
1033 3494 1077 3554 di·
