2642 4017
237 244 301 309 286
409 242 524 304 LIBER
537 241 628 302 XLV.
652 241 736 302 CAP-
748 248 792 303 33.
802 248 847 302 34.
869 247 906 315 [a.
920 247 954 302 U.
966 263 990 301 c.
1002 247 1065 312 5851

238 396 347 460 turbae
360 411 423 456 non
438 394 593 456 scenicum
607 393 705 469 magis
720 393 885 469 ludicrum,
906 409 969 453 non
983 393 1148 455 certamine
1160 394 1216 457 ho·

238 481 352 544 mum
366 488 420 541 ant
438 478 588 540 curricula
601 492 761 553 equorum,
782 492 875 553 quam
889 478 1006 552 praeda
1018 478 1219 540 Macedonica

239 564 355 637 omnis,
379 569 414 624 ut
432 563 598 636 visorum,
622 559 767 637 exposita
787 567 956 623 statuum
975 562 1219 639 tabularumque,

238 649 385 711 textilium
405 654 436 708 et
454 661 601 707 vasorum
614 660 655 704 ex
670 660 745 705 auro
761 651 792 706 et
805 651 932 720 argento
948 653 978 706 et
991 661 1064 706 aere
1078 653 1110 707 et
1123 646 1220 708 ebore

238 735 389 794 tactuum
408 730 523 806 lugenti
543 744 619 790 cura
632 727 663 790 in
678 744 716 788 ea
728 727 829 804 regia,
849 735 882 790 nt
902 745 965 791 non
978 729 1009 789 in
1024 738 1220 805 praesentem

238 818 330 878 modo
352 813 502 891 speciem,
524 812 669 889 qualibus
688 812 801 873 relerta
813 812 899 888 regia
912 813 1128 875 Alexandreae
1142 820 1219 887 erat,

238 901 296 961 sed
309 900 340 960 in
355 904 535 974 perpetuum
549 912 639 958 usum
653 897 771 957 tierent.
788 895 866 957 baec
879 896 911 957 in
926 898 1059 958 classem
1073 897 1219 973 imposita

238 983 420 1045 devehenda
433 982 562 1042 Romam
576 980 629 1042 cn.
646 979 773 1041 Octavio
788 980 870 1040 data.

321 1066 450 1139 Paulus,
464 1064 595 1138 benigne
608 1063 718 1140 legatis
735 1061 886 1138 dimissis,
900 1072 1115 1139 transgressus
1131 1063 1220 1142 Stry·

238 1164 360 1210 monem
373 1148 456 1208 mille
475 1163 624 1223 passuum
637 1148 677 1208 ab
692 1146 871 1223 Amphipoli
887 1153 990 1209 eastra
1003 1146 1120 1223 posuit;
1144 1147 1219 1208 inde

238 1233 396 1310 proiectus
411 1230 523 1292 Pellam
538 1231 644 1308 quinto
659 1230 711 1291 die
730 1230 877 1306 pervenit.
899 1236 1150 1308 praetergressus
1164 1249 1219 1292 ur·
1274 1287 1277 1292 .

238 1318 316 1390 bern,
332 1318 373 1377 ad
384 1315 548 1392 Spelaeum
563 1315 650 1391 quod
662 1321 775 1376 vocant
787 1314 914 1376 biduum
922 1322 1070 1390 moratus,
1085 1314 1116 1380 Ρ,
1128 1315 1218 1375 Nasi-

239 1418 306 1463 cam
326 1410 357 1463 et
378 1400 412 1475 Q.
433 1399 599 1460 Maximum
619 1398 715 1459 tilium
735 1413 805 1458 cum
824 1406 912 1474 parte
928 1399 1088 1474 copiarum
1108 1399 1149 1458 ed
1162 1399 1218 1459 de-

239 1485 435 1563 populandos
459 1482 597 1561 illyrios,
624 1479 679 1558 qui
701 1481 815 1544 Persea
838 1483 979 1545 iuverant
1000 1483 1099 1557 bello,
1123 1481 1216 1559 misit

239 1573 344 1631 iussos
371 1569 411 1629 ad
431 1566 554 1628 On'cunn
580 1566 639 1628 sibi
660 1580 838 1627 occurrerer
865 1567 935 1643 ipse
953 1566 1080 1642 Epirum
1108 1574 1218 1641 petens

240 1651 354 1728 quintis
366 1651 493 1712 decimis
500 1651 609 1712 eastris
616 1649 820 1711 Passaronem
826 1649 976 1727 pervenit.
990 1649 1123 1714 XXXIV.
1131 1649 1219 1711 haud

240 1736 348 1810 procul
361 1735 434 1794 inde
442 1734 543 1794 Anicii
558 1741 660 1795 castra
673 1734 808 1794 aberant
830 1734 872 1796 ad
882 1750 975 1810 quem
985 1733 1091 1795 litteris
1102 1734 1216 1802 missis,

239 1834 277 1880 ne
292 1819 368 1895 qnid
381 1816 423 1877 ad
436 1833 475 1877 ea
489 1833 569 1893 quae
583 1818 694 1879 tierent
706 1825 896 1879 moveretnr=
918 1824 1059 1879 senatum
1070 1818 1219 1891 praedam

237 1902 321 1978 Epiri
341 1899 522 1975 eivitatium,
548 1916 628 1976 quae
647 1901 690 1961 ad
707 1898 822 1962 Persea
843 1902 1044 1977 deiecissent,
1069 1901 1218 1963 exercitui

238 1986 380 2056 dedisse;
402 1984 575 2068 summissis
597 1984 826 2045 centurionibus
839 1986 870 2046 in
886 1985 1024 2060 singulas
1038 1985 1141 2058 urbas,
1163 1983 1219 2061 qui

238 2088 274 2133 se
289 2070 426 2132 dicerent
438 2070 479 2130 ad
493 2066 651 2145 praesidia
661 2068 844 2129 deducenda
853 2068 988 2143 venisse,
1003 2075 1037 2130 ut
1046 2068 1133 2129 liberi
1143 2068 1218 2144 Epi·

237 2161 324 2216 rotae
338 2156 417 2217 sicut
426 2153 614 2214 Macedones
626 2157 741 2225 essent,
756 2153 854 2213 denos
867 2152 1023 2228 principes
1034 2168 1075 2213 ex
1085 2152 1217 2228 singulis

237 2239 377 2300 evocavit
390 2235 579 2309 civitatibus,
602 2236 715 2312 quibus
730 2252 799 2296 cum
814 2236 1042 2311 denuntiasset,
1061 2242 1095 2297 ut
1108 2253 1219 2298 aurum

238 2330 331 2397 atque
348 2329 505 2397 argentum
519 2319 550 2379 in
564 2320 721 2394 publicum
734 2319 932 2396 proterretur,
947 2335 1004 2396 per
1019 2336 1126 2381 omnes
1142 2321 1219 2381 civi·

237 2412 315 2468 tetes
327 2405 471 2466 cohortes
482 2401 605 2463 dimbit
618 2409 689 2463 ante
699 2404 730 2462 in
741 2402 902 2466 ulteriores
915 2403 1044 2478 quamin
1050 2406 1218 2480 propiores
1247 2465 1253 2470 ,

239 2487 378 2565 protecti,
392 2494 426 2548 ut
439 2502 501 2546 uno
517 2485 568 2543 die
581 2483 613 2544 in
629 2501 736 2545 omnes
750 2487 970 2561 perveniretur.
990 2487 1073 2548 edita
1085 2487 1218 2551 tribunis
1320 2558 1321 2577 χ

237 2569 530 2642 centurionibusque
549 2575 636 2628 erant
655 2583 736 2642 quae
756 2580 928 2643 egerentur.
952 2587 1042 2632 mane
1056 2587 1147 2633 omne
1161 2589 1217 2633 au·

235 2669 303 2712 rum
317 2657 537 2726 argentumque
552 2651 710 2726 collatum,
731 2652 809 2713 hora
830 2663 939 2730 quarta
952 2655 1073 2730 signum
1087 2656 1128 2715 ad
1143 2655 1217 2715 diri·

237 2736 367 2812 piendas
388 2735 481 2796 urbes
498 2735 602 2796 datum
617 2742 666 2796 est
679 2735 838 2809 militibus;
859 2746 1005 2814 uotaque
1019 2739 1136 2815 praeda
1150 2738 1217 2815 luit,

236 2819 316 2880 utin
331 2820 464 2896 equitem
479 2818 682 2895 quadringeni
696 2819 823 2896 denarii,
840 2823 998 2897 peditibus
1013 2822 1124 2883 duceni
1138 2823 1217 2884 divi·

236 2904 390 2981 darentur,
406 2913 527 2967 eentum
542 2904 764 2981 quinquaginta
774 2905 857 2965 nube
869 2907 1003 2982 capitum
1013 2907 1217 2967 humanorum

235 2986 469 3051 abducerentur.
483 2988 562 3050 muri
572 2987 685 3050 deinde
696 2988 882 3065 direptarum
893 2990 1013 3052 urbium
1025 2990 1116 3051 diruti
1127 2997 1215 3051 sunta

235 3087 274 3131 ea
284 3073 370 3133 luere
382 3074 499 3149 oppida
509 3073 592 3135 eirea
601 3073 803 3149 septuaginta.
815 3073 1214 3150 venditapraedaomnium,

235 3156 275 3216 de
289 3173 326 3217 ea
340 3173 460 3217 summa
470 3156 558 3232 militi
578 3164 769 3222 numeratum
783 3164 839 3218 est.
860 3157 974 3218 Pardus
994 3157 1035 3218 ad
1048 3174 1133 3220 mare
1149 3155 1215 3217 Ori·

236 3256 305 3301 cum
316 3240 485 3316 descendit,
497 3256 703 3317 nequaquam,
716 3248 750 3303 ut
758 3249 844 3302 ratus
855 3249 929 3317 eret,
944 3242 1075 3317 expletis
1087 3242 1215 3304 militum

235 3323 354 3401 artimis,
370 3322 422 3399 qni
437 3331 591 3400 uniquam
602 3326 719 3386 nullum
732 3325 763 3384 in
774 3325 956 3402 Macedonia
966 3324 1141 3401 gessissent
1149 3326 1214 3386 bel·

234 3411 312 3484 lum,
336 3414 481 3483 expertes
500 3405 606 3482 regiae
625 3409 760 3482 praedae
780 3424 852 3469 esse
866 3408 1110 3485 indignabantur.
1134 3407 1215 3470 Orici

236 3507 305 3553 cum
319 3493 431 3553 missas
447 3508 517 3553 eum
530 3490 676 3566 Scipione
690 3491 801 3552 Nasica
815 3492 1011 3569 Maximoque
1025 3493 1089 3554 tilio
1105 3492 1214 3568 copias
