2642 4017
248 295 309 361 tto
408 297 524 359 LlBlJR
536 297 625 358 xlll.
649 297 1064 370 CAP.12.13.[a.U.c.5801

244 452 333 527 bere,
354 458 387 512 ut
401 449 536 513 externis
552 466 615 510 non
629 455 728 524 egeat
756 448 879 524 triginta
892 446 975 508 milia
989 446 1124 523 peditum
1140 448 1230 526 quin·

245 551 307 613 que
317 533 400 597 milia
410 532 555 611 eqttitum,
567 533 598 592 in
610 532 718 593 decem
729 547 828 593 annos
839 532 1021 593 frumentum
1034 546 1233 608 praeparare,

243 626 277 682 nt
297 619 452 681 abstinere
470 625 502 678 et
521 632 580 679 suo
600 622 632 676 et
651 613 785 677 hostium
810 630 885 691 agro
907 615 1112 676 frumentandi
1133 631 1231 678 causa

243 703 354 780 possit
381 703 441 762 iam
462 700 624 777 pecuniam
645 706 760 761 tantm
779 698 908 773 habere,
929 703 963 760 ut
982 698 1090 759 decem
1106 698 1230 760 milibus
1314 750 1315 763 ,

244 785 522 854 mercennariorum
544 783 671 844 militum
692 789 815 859 praeter
833 782 1037 843 Macedonum
1052 782 1160 858 copias
1174 784 1229 843 sti-

244 868 389 947 pendium
409 868 440 928 in
461 867 587 928 totidem
607 882 706 928 annos
730 871 947 941 praeparatum
959 865 1085 941 habeat,
1106 874 1231 941 praeter

244 969 392 1027 annuum,
414 950 499 1027 quod
520 966 559 1011 ex
579 951 710 1011 metallis
723 948 818 1025 regiis
833 951 950 1026 capiat,
971 950 1112 1024 vectigal.
1143 966 1231 1012 arma

243 1040 292 1097 vel
306 1036 404 1097 tribus
417 1031 509 1095 tanus
524 1034 710 1096 exercitibus
724 1034 755 1095 in
771 1032 1004 1095 armamentaria
1017 1031 1229 1108 congessisse.

244 1121 445 1191 iuventutern,
468 1123 502 1179 ut
519 1118 579 1180 lam
592 1117 775 1180 Macedonia
788 1116 927 1192 deliciet,
947 1118 1033 1179 velut
1046 1132 1087 1177 ex
1100 1118 1228 1192 perenni

244 1203 329 1264 tonte
342 1204 426 1263 unde
439 1201 573 1276 hauriat,
593 1201 753 1263 Thraciam
767 1200 936 1263 subiectam
949 1215 1032 1262 esse.
1058 1200 1137 1261 Xlll.
1158 1202 1229 1262 reli·

244 1302 338 1363 quum
362 1285 509 1347 orationis
530 1284 704 1348 adhortatio
726 1284 791 1347 iuit.
821 1301 905 1360 „non
927 1300 985 1360 ego
1006 1284 1103 1344 haee“
1127 1283 1227 1361 inquit

242 1368 389 1445 „incertis
403 1369 514 1431 iactata
526 1369 702 1431 rumoribus
717 1377 748 1431 ct
761 1367 905 1445 cupidius
919 1369 1043 1443 credita,
1067 1366 1140 1444 quia
1154 1385 1228 1434 vern

242 1468 315 1515 esse
331 1453 370 1514 de
385 1453 508 1515 inimico
523 1451 649 1514 crimina
664 1454 821 1526 volebam,
843 1453 950 1513 adiero
972 1452 1012 1513 ad
1033 1468 1108 1526 vos,
1123 1460 1227 1528 patres

243 1537 424 1613 conscripti,
446 1538 504 1598 sed
518 1545 676 1614 comperta
690 1543 721 1598 et
733 1539 909 1613 explorata,
930 1535 1012 1596 haud
1027 1552 1120 1596 secus
1136 1552 1227 1611 quarn

242 1622 269 1682 si
292 1623 468 1697 speculator
492 1620 607 1684 missus
628 1637 648 1681 a
667 1621 758 1683 vobis
782 1619 921 1682 subiecta
947 1619 1045 1680 oculis
1064 1619 1226 1689 referrem

243 1721 344 1781 neque
363 1705 470 1766 relicto
490 1721 587 1781 regno
600 1720 687 1780 meo,
707 1706 791 1782 quod
805 1706 940 1780 amplum
953 1711 984 1765 et
997 1703 1154 1778 egregium
1167 1719 1225 1764 vos

242 1787 373 1863 lecistis,
394 1803 478 1848 mare
497 1796 612 1851 tantum
633 1788 839 1862 traiecissem,
860 1796 894 1849 ut
913 1803 994 1849 vana
1014 1786 1125 1847 advos
1143 1787 1224 1847 adie-

242 1872 339 1934 rendo
368 1871 462 1932 iidem
489 1872 671 1949 abrogarem
699 1872 787 1933 mihi:
828 1870 990 1933 cernebam
1019 1870 1226 1931 nobilissimas

245 1954 337 2019 Asiae
357 1961 388 2016 et
403 1956 550 2018 Graeciae
571 1956 707 2017 civitates
727 1955 758 2017 in
779 1956 847 2017 dies
861 1953 959 2031 magis
975 1954 1166 2015 denudantes
1180 1952 1223 2015 iu-

243 2030 323 2101 dicia
337 2056 403 2114 sua,
419 2056 501 2115 mox,
517 2040 543 2102 si
560 2039 791 2116 permitteretur,
806 2056 844 2101 eo
859 2054 1071 2116 processuras,
1085 2039 1168 2098 unde
1178 2054 1224 2097 re
1317 2058 1318 2115 3

242 2131 362 2199 ceptum
384 2124 424 2184 ad
439 2123 656 2200 paenitendum
670 2141 736 2185 non
746 2123 910 2192 haberent;
931 2122 1096 2184 cernebam
1110 2122 1222 2181 Persea

242 2223 303 2267 non
326 2207 530 2270 continentem
551 2224 587 2270 se
600 2208 803 2270 Macedoniae
818 2224 931 2283 regno,
951 2208 1012 2269 alia
1024 2206 1118 2270 armis
1133 2220 1224 2269 occu-

242 2298 375 2366 pantem,
389 2293 458 2368 alia,
474 2309 555 2368 quae
569 2293 600 2353 vi
614 2292 716 2368 subigi
730 2309 792 2354 non
808 2298 949 2368 possunt,
965 2291 1071 2352 lavore
1082 2308 1119 2353 ac
1130 2293 1223 2352 beno·

243 2376 376 2437 volentia
391 2379 663 2453 complectentem,
683 2374 826 2437 videbam
837 2384 929 2452 quam
939 2375 1038 2451 impar
1049 2382 1132 2437 esset
1144 2392 1224 2450 sors,

242 2458 373 2520 tumide
386 2459 474 2520 vobis
486 2460 598 2520 bellum
609 2465 740 2534 pararet,
755 2475 813 2520 vos
824 2460 853 2520 ei
864 2475 1006 2521 securam
1016 2474 1124 2535 pacem
1136 2476 1223 2536 prae·

240 2543 378 2615 staretis,
400 2557 585 2615 quamquam
605 2541 680 2600 nulii
700 2541 824 2618 quidem
844 2559 906 2605 non
920 2559 1031 2619 parare
1046 2543 1103 2605 sed
1117 2559 1224 2619 gerere
1316 2534 1318 2553 ²

240 2638 341 2699 paene
357 2623 469 2684 bellum
489 2623 659 2686 videbatur.
691 2625 889 2700 Abrupolim,
912 2625 1030 2688 socium
1043 2634 1136 2703 atque
1150 2625 1223 2687 ami-

240 2721 310 2767 cum
330 2714 481 2781 vestrum,
501 2722 598 2783 regno
618 2709 748 2784 expulit:
770 2710 964 2772 Artetaurum
978 2710 1130 2790 Illyrium,
1153 2710 1223 2787 quia

240 2789 356 2865 scripta
370 2790 410 2850 ab
424 2805 463 2851 eo
475 2792 627 2865 quaedam
637 2792 727 2854 vobis
740 2792 898 2869 comperit
914 2794 1033 2856 socium
1046 2793 1118 2856 item
1130 2801 1224 2870 atque

240 2871 370 2934 amicum
384 2881 537 2949 vestrum
559 2876 724 2938 interiecit=
745 2875 893 2938 Euersam
907 2884 937 2939 et
951 2878 1134 2940 Callicritum
1147 2877 1221 2939 The

241 2956 352 3031 banos,
373 2957 530 3035 prinsipes
547 2958 693 3035 civitatis,
714 2961 787 3036 quia
800 2959 926 3023 liberius
941 2962 1093 3023 adversus
1108 2977 1178 3022 eum
1192 2960 1222 3022 in

240 3040 372 3102 concilio
392 3043 580 3105 Boeotorum
601 3044 695 3127 locuti
715 3046 849 3119 inerant,
871 3045 1090 3122 delaturosque
1110 3046 1223 3107 advos

239 3139 319 3199 quae
334 3133 496 3199 agerentur
509 3127 644 3203 professi
657 3136 752 3203 erant,
767 3130 919 3191 tollendos
932 3130 1063 3192 curavia
1077 3129 1221 3190 auxilium

238 3207 394 3283 Byzantiis
419 3211 571 3272 adversus
598 3211 709 3275 foedus
734 3213 814 3288 tulit,
836 3211 1221 3289 Dolopiaebellumintulit,

237 3292 427 3353 Thessaliam
441 3299 472 3353 et
484 3294 629 3356 Doridem
645 3311 713 3355 cum
728 3294 867 3357 exercitu
878 3298 1031 3373 pervasit,
1048 3298 1125 3359 utin
1140 3296 1221 3358 bello
1316 3308 1318 3349 t

237 3375 380 3438 intestino
410 3375 569 3438 deterioris
597 3380 694 3453 partis
723 3379 836 3440 auxilio
864 3381 1020 3442 meliorem
1045 3379 1220 3455 adfligeretz

238 3458 376 3521 contudit
389 3465 420 3522 et
433 3458 555 3524 miscuit
569 3461 672 3522 omnia
685 3461 716 3521 in
731 3461 890 3524 Thessalia
902 3463 1148 3539 Perrhaebiaque
1162 3477 1220 3539 spe

237 3558 384 3609 uovorum
409 3543 595 3623 tabularum,
622 3552 656 3605 ut
683 3560 775 3606 manu
803 3545 974 3608 debitorum
1001 3547 1137 3610 obnoxia
1160 3543 1219 3610 sibi
