2642 4017
506 257 716 309 6666616666.
1061 278 1101 321 xv

121 429 187 478 quos
198 413 335 465 uentosimo
349 425 451 474 quoque
465 424 531 460 anno
542 411 607 459 —is
618 411 686 459 euim
696 411 817 460 terminus
827 414 921 463 saeeuli
930 437 965 451 —
974 414 1028 464 lieri
1040 431 1101 466 mos.

122 486 253 536 versoria.
274 482 306 532 de
319 483 369 532 Die
384 479 445 530 Not.
460 494 519 542 cop.
540 476 582 531 17.
611 479 651 545 Os.
662 478 815 529 Freinshem.
831 479 955 544 Supplem.
971 498 1026 545 cop.
1042 481 1085 534 46.

175 605 209 656 61)
227 599 274 647 Vir
292 596 388 662 ingenii
406 598 493 662 magni
507 598 598 662 magis,
617 611 694 661 quam
704 597 775 650 boni.
802 595 900 647 Seneca
913 599 944 647 de
956 598 1013 659 Ira,
1027 598 1050 662 I,
1062 598 1102 650 16.

174 672 210 725 66)
228 665 351 717 Profiteor
369 666 456 715 mirari
470 681 511 716 me
527 665 555 718 T.
576 666 692 730 Livium,
716 672 842 717 auctorem
859 667 1060 727 celeberrimum,
1079 669 1104 715 in

122 736 290 787 Historiarum
312 749 432 794 suarum,
454 749 518 797 quas
536 736 625 800 repetit
641 736 673 785 ab
692 736 791 802 origine
808 737 886 796 urbis,
906 737 1015 799 quodam
1033 734 1105 785 volu·

123 806 191 857 mine
209 804 247 854 sio
270 817 403 854 exorsum:
434 802 502 854 Satis
518 805 569 854 iam
587 803 635 853 sibi
652 804 750 870 gloriae
768 805 924 867 quaesitum,
951 812 976 854 et
991 804 1106 869 potuisse

124 890 152 925 so
167 874 292 934 desinere,
311 874 338 923 ni
356 873 457 922 animus
473 874 572 935 inquies
589 882 736 937 passeretur
754 888 838 939 opere.
866 874 964 924 Plinius
980 876 1005 923 in
1023 874 1106 922 Prae-

123 945 171 994 rat.
191 941 365 992 6611166.
385 941 444 991 Not.

174 1017 208 1069 66)
224 1010 252 1060 Τ.
265 1010 353 1061 Livius
371 1025 400 1059 ae
415 1010 499 1075 Nepos
513 1009 644 1059 Cornelius
661 1011 802 1061 latitudinis
817 1010 890 1076 (freti
909 1009 1040 1073 Gaditani)
1057 1018 1106 1059 tra·

113 1081 256 1141 uiderunt,
275 1080 320 1130 ubi
337 1081 431 1144 minus,
450 1086 548 1144 septem
563 1079 642 1129 millia
659 1094 798 1146 passuum;
821 1081 865 1131 ubi
882 1095 943 1131 vero
960 1080 1101 1145 plurimum¹

123 1150 210 1200 decem
229 1146 318 1198 millia.
347 1150 447 1199 Plinius
463 1150 490 1200 in
506 1149 626 1213 Praestet.
645 1149 687 1201 lib.
705 1148 763 1202 III.
782 1145 853 1200 Hier.
874 1149 936 1204 Nat.

174 1223 209 1275 66)
227 1216 364 1283 eompletis
381 1218 537 1269 oonsulibus.
564 1217 637 1268 Sero.
657 1219 694 1268 ad
716 1219 808 1282 Virpil.
828 1218 919 1283 Georp.
939 1216 994 1278 III,
1016 1219 1041 1269 l.

172 1293 206 1343 61)
225 1288 311 1337 Verba
328 1294 401 1346 sunt,
424 1293 453 1335 ut
470 1286 593 1336 habemus
615 1287 641 1336 in
660 1287 747 1347 Livio,
771 1288 931 1351 imperatoris
948 1286 1105 1352 transfugam

123 1356 269 1473 reeipi4egutis
284 1357 311 1404 iu
323 1354 414 1405 fldem:
436 1354 553 1419 Quisquis
569 1371 606 1416 ea,
624 1363 710 1405 noster
724 1356 783 1406 eris.
796 1354 868 1405 Seru.
881 1356 917 1405 ad
933 1355 1024 1419 Virpil.
1038 1353 1104 1404 Aen.

124 1422 194 1482 Il,l
232 1459 238 1470 .

173 1497 208 1549 62)
227 1493 406 1555 Imperatorem
433 1506 474 1539 me
492 1499 572 1541 mater
595 1505 668 1556 mea,
692 1505 743 1540 uon
760 1489 906 1540 bellatorem
924 1490 1032 1554 peperit.
1049 1490 1107 1540 Hae

124 1557 249 1623 Scipionis
266 1560 355 1608 dicim
373 1574 409 1608 eo
425 1559 497 1608 Liuio
517 1561 613 1623 offerre
629 1560 728 1610 videtur
743 1560 884 1611 &dlielmoa
901 1557 1107 1608 Malmerbnrien·

124 1629 160 1676 sis
176 1628 240 1678 Iler.
260 1629 337 1693 Arpi.
356 1628 399 1677 tio.
419 1627 459 1677 II.
477 1643 503 1691 p.
526 1626 584 1681 tot.

176 1700 211 1751 63)
230 1696 279 1746 Dio
296 1696 367 1761 mihi,
387 1710 464 1759 quum
482 1710 681 1762 saepenumero
700 1697 726 1744 in
739 1696 860 1746 Romanis
873 1695 986 1746 historiis
999 1696 1106 1762 legatur,

125 1765 198 1815 Livio
222 1773 339 1825 anctore,
364 1765 514 1830 saepissime
531 1768 557 1815 iu
574 1766 623 1814 hao
645 1766 708 1814 urbe
733 1773 820 1815 exorta
845 1764 988 1831 pestilentie
1009 1766 1106 1816 infinita

125 1832 256 1885 ltominum
282 1833 364 1884 millia
388 1835 543 1899 deperiisse,
567 1843 642 1897 atque
666 1849 696 1883 eo
712 1832 856 1897 frequenter
877 1841 995 1896 ventum,
1020 1843 1047 1884 ut
1063 1836 1107 1884 vix

126 1911 208 1963 esset,
232 1903 300 1952 unde
322 1904 373 1953 illis
396 1903 524 1953 bellicosis
547 1902 704 1968 temporibus
723 1904 847 1953 exereitus
864 1903 989 1968 potuisset
1005 1904 1106 1963 ascribi,

126 1971 169 2021 illo
187 1978 301 2036 tempore
326 1973 373 2022 deo
394 1980 438 2021 tuo
456 1973 591 2023 Februario
610 1971 713 2021 minime
731 1970 867 2022 litabatur?
893 1987 925 2022 au
939 1974 1015 2022 etiam
1026 1972 1107 2022 uultus

126 2040 169 2089 hio
186 2042 288 2090 omniuo
312 2040 376 2090 nihil
398 2041 538 2106 proderat?
564 2042 607 2092 illo
624 2050 739 2106 tempore
757 2041 907 2107 Lupercalia
929 2055 980 2089 non
998 2040 1107 2090 celebra-

126 2109 235 2159 bantur?
255 2123 303 2159 nee
319 2112 386 2159 enim
405 2111 516 2161 dicturus
534 2126 576 2174 es,
595 2110 659 2160 haee
674 2125 747 2160 saera
766 2110 849 2160 adhue
865 2108 910 2160 illo
926 2115 1040 2173 tempore
1056 2123 1108 2159 uon

127 2178 252 2243 coepisse,
259 2193 324 2241 quae
335 2188 393 2228 aute
399 2179 536 2230 Romulum
546 2181 578 2230 sb
584 2179 703 2230 Euandro
713 2180 738 2229 in
745 2179 841 2228 Italiam
853 2177 1018 2243 perhibentur
1026 2175 1105 2227 illata.

125 2246 278 2311 Lupercalia
299 2255 384 2298 autem
408 2258 510 2313 propter
527 2250 589 2312 quid
605 2249 719 2299 instituta
735 2250 800 2315 siut,
824 2248 960 2313 (quantum
977 2247 1010 2297 ad
1026 2247 1108 2312 ipsius

126 2316 314 2381 superstitionis
337 2326 479 2370 commenta
499 2316 655 2384 respectant)
675 2318 764 2368 Livius
783 2316 896 2367 secunda
911 2316 1007 2366 decade
1026 2315 1108 2380 loqui·

126 2394 182 2434 tur:
208 2400 255 2437 nee
278 2394 381 2452 propter
407 2387 507 2437 morbos
531 2387 683 2438 inhibendos
705 2388 821 2437 instituta
845 2395 1037 2451 commemorat,
1061 2384 1108 2435 sed

125 2462 228 2520 propter
246 2456 405 2505 sterilitatem
424 2456 573 2522 mulierum,
597 2471 663 2519 quae
680 2464 741 2507 tune
759 2455 898 2520 aooiderat‚
917 2454 1107 2506 exsolvendam.

126 2523 172 2572 Ex
197 2526 295 2576 Gelneii
309 2526 401 2588 Papae
417 2526 501 2589 Epist.
520 2525 643 2577 adsereret
664 2524 863 2576 Andromachen
886 2526 912 2573 ia
929 2523 1039 2592 Boronii
1054 2523 1107 2573 Aa·

126 2594 177 2644 nal.
195 2598 284 2644 eccles.
303 2596 339 2644 od
355 2610 380 2644 u.
400 2591 461 2647 496.
482 2610 545 2643 awa.
564 2591 609 2647 35.

178 2666 214 2715 64)
233 2660 378 2713 Secundum
393 2663 494 2714 Livium
512 2664 591 2729 legati
608 2664 680 2729 pacis
697 2663 874 2714 caduceatores
890 2663 1015 2713 dicuutur.
1035 2660 1107 2716 Seru.

127 2729 163 2778 ad
184 2732 274 2794 Virpii.
293 2732 357 2781 Aen.
376 2732 430 2796 IV,
448 2731 509 2782 241.

179 2802 214 2856 66)
233 2797 322 2848 Livius
341 2806 474 2864 argentum
491 2815 569 2865 grave
585 2800 654 2860 dieit,
673 2800 762 2858 idest,
782 2814 890 2848 massas.
909 2798 1108 2849 8616661716-

126 2867 170 2931 pil.
188 2866 254 2916 Aea.
280 2867 328 2927 VI,
346 2864 407 2919 862.
435 2869 476 2933 Of.
495 2867 591 2917 Ieidor.
610 2866 691 2927 XVI,
712 2864 751 2918 lt.

178 2939 215 2995 66)
232 2935 261 2984 16
278 2934 328 2985 hoo
345 2950 444 2986 summo
463 2935 649 3002 (promontorio
672 2934 789 3002 circaeo)
816 2936 937 3000 oppidum
955 2935 1017 3001 init,
1041 2937 1109 2998 quod

128 3014 153 3052 et
171 3002 302 3054 Oiroaeum
321 3005 416 3054 dietum
434 3013 460 3054 et
478 3004 582 3055 Circaei.
611 3003 676 3054 Nam
691 3010 825 3067 utrumque
837 3004 926 3055 Livius
945 3005 1018 3057 (lixit.
1036 3005 1107 3057 Seru.

128 3073 165 3122 od
185 3075 275 3139 Va'rpil.
294 3073 360 3125 Aen.
384 3072 449 3134 VII,
466 3073 509 3127 10.

179 3148 215 3197 67)
234 3143 352 3209 Impubes
366 3144 488 3209 libripens
503 3159 559 3194 esse
574 3149 726 3208 nonpotest,
741 3157 823 3203 neque
833 3145 962 3193 antestari.
982 3144 1108 3195 Priscian.

128 3212 169 3262 tio.
194 3210 270 3262 VIII
286 3212 391 3263 Gronms.
410 3227 439 3276 p.
458 3210 510 3265 792
529 3213 569 3264 ed.
588 3211 690 3262 Putselt.
715 3213 772 3262 Vol.
790 3211 814 3270 1,
830 3225 860 3274 p.
879 3208 939 3265 369.
959 3213 999 3263 ed.
1019 3212 1109 3263 Krelrl.

180 3286 215 3343 es)
234 3280 335 3333 Scimus
354 3297 501 3333 conoessum
519 3295 576 3333 esse
590 3281 769 3342 scribentibus,
789 3289 817 3330 ut
835 3282 969 3332 iteratione
984 3280 1109 3346 prooemii

129 3351 270 3415 legentium
288 3351 401 3402 refleiaut
419 3352 546 3403 interdum
563 3350 683 3404 laborem.
701 3364 760 3400 nam
775 3358 799 3400 et
808 3351 898 3401 Livius
913 3350 1058 3412 frequenter
1071 3349 1108 3397 in-

130 3427 206 3470 novat
224 3421 360 3487 principia,
379 3428 407 3471 ut
426 3422 529 3472 incensa
545 3435 561 3470 a
576 3418 656 3471 Gallis
675 3421 746 3481 urbe,
764 3428 789 3470 et
803 3419 936 3485 eompletis
951 3415 1107 3467 oonsulibus.

130 3486 202 3538 Seru.
222 3490 258 3538 nd
277 3489 352 3555 Virp.
372 3491 463 3556 Georp.
483 3492 517 3540 ia.
