2642 4017
360 223 476 283 LIBER
489 222 550 283 XL-
573 222 656 284 cdl.
671 230 697 284 4.
710 234 736 285 5.
761 230 798 297 [a.
810 229 843 282 C.
859 231 921 298 182]
1088 226 1131 291 55

146 376 206 437 ridi
221 375 357 448 cuidam,
373 376 465 448 longe
481 372 611 450 principi
631 373 731 448 gentis
752 375 938 448 Aenianum,
961 376 1079 453 nupsit,
1100 386 1131 438 et
1205 451 1210 461 Ι

147 460 231 534 apud
247 474 318 520 eum
333 458 439 533 plures
453 458 541 518 enisa
562 465 684 533 partos,
703 457 810 534 parvis
831 457 996 519 admodum
1015 460 1129 523 relictis

147 543 305 615 omnibus,
322 541 467 602 decessit.
498 540 680 613 Theoxena,
704 550 735 601 ut
754 541 785 600 in
801 540 868 602 suis
882 540 1023 603 manibus
1042 543 1129 605 liberi

145 626 264 688 sororis
293 626 511 700 educarentur,
528 624 630 685 Poridi
650 625 769 701 nupsit,
791 630 822 684 et
845 632 1000 700 tamquam
1021 641 1128 688 omnes

145 711 217 786 ipsa
231 709 319 769 enisa
333 709 427 782 loret,
443 725 532 769 sumn
548 709 729 784 sororisque
741 707 823 770 lilios
835 708 865 768 in
877 709 986 769 eadem
997 709 1130 772 habebat

145 809 228 853 cura.
258 798 425 868 postquam
438 791 522 867 regis
536 792 669 853 edictum
685 792 725 852 de
739 791 1039 868 comprehendendis
1054 794 1128 855 libe-

145 878 187 938 ris
208 892 330 948 eorum,
346 876 398 950 qui
413 875 561 937 interlecti
577 881 696 949 essent,
712 875 992 952 accomodacionis
1008 877 1128 939 loturos

144 976 208 1020 non
221 960 305 1036 regis
319 958 413 1020 modo
430 959 488 1020 sed
502 959 667 1020 custodum
686 959 777 1020 etiam
796 958 915 1020 libidini
928 968 995 1022 rata
1009 961 1048 1021 ad
1062 976 1127 1022 rem

146 1051 281 1105 atrocem
296 1044 430 1103 animum
447 1042 574 1116 adiecit,
590 1057 730 1119 ausaque
740 1049 789 1104 est
799 1043 902 1104 dicere
913 1058 948 1104 se
964 1060 1021 1106 sua
1036 1061 1127 1106 manu

144 1128 250 1204 potius
264 1142 372 1187 omnes
387 1126 611 1187 interfecturam
636 1143 729 1201 quam
746 1125 777 1186 in
800 1133 982 1203 potestatem
995 1127 1127 1206 Philippi

143 1212 293 1271 venirent
321 1210 410 1271 Poris
426 1210 619 1271 abominatus
634 1209 819 1271 mentionem
833 1218 894 1271 tam
908 1212 993 1273 foedi
1009 1212 1126 1273 lacino·

142 1296 186 1355 ris
202 1292 341 1355 Athones
356 1294 585 1370 deportaturum
603 1309 659 1356 eos
673 1294 715 1354 ad
728 1294 810 1357 lidos
824 1294 964 1371 hospites
976 1295 1060 1368 dixit,
1074 1311 1125 1357 co·

142 1379 310 1454 mitemque
324 1378 427 1453 ipsum
451 1379 543 1454 lupae
565 1379 699 1439 loturam
719 1393 802 1440 esse.
835 1377 1072 1455 proficiscuntur
1086 1381 1125 1441 ab

141 1461 366 1524 Thessalonica
383 1462 514 1522 Aeniam
543 1461 584 1521 ad
604 1468 716 1522 statum
736 1460 936 1532 sacrificium,
959 1461 1045 1536 quod
1063 1464 1124 1523 Ae·

143 1560 222 1605 neae
237 1545 388 1605 conditori
404 1561 472 1606 cum
486 1560 597 1620 magna
612 1546 808 1608 caeremonia
820 1545 986 1621 quotannis
1000 1545 1124 1608 iaciunt.

142 1628 185 1688 ibi
199 1628 250 1690 die
264 1644 321 1704 per
333 1629 499 1690 sollemnes
514 1630 623 1704 epodas
638 1632 822 1703 consumpto
834 1643 945 1688 navem
958 1643 1119 1704 praepara·

141 1720 204 1772 tarn
219 1728 238 1773 a
251 1711 363 1774 Poride
376 1712 486 1787 sopitis
502 1711 644 1774 omnibus
673 1710 713 1771 de
735 1711 824 1771 tertia
848 1710 951 1786 vigilia
975 1727 1121 1773 conscen-

143 1795 220 1855 dunt
242 1804 399 1871 tamquam
422 1796 549 1857 redituri
564 1794 830 1855 Thessalonicam
856 1795 914 1856 sed
939 1795 1065 1856 traicere
1091 1798 1122 1857 in

140 1879 380 1948 Euboeamerat
393 1879 596 1955 propositum.
625 1884 761 1938 ceterum
775 1877 806 1938 in
821 1878 986 1938 adversum
1000 1886 1121 1946 ventum

141 1963 330 2039 nequiquam
345 1977 402 2024 eos
417 1963 579 2025 tendentes
592 1976 693 2038 prope
706 1969 819 2022 terram
833 1961 886 2022 lux
901 1962 1077 2037 oppressit,
1094 1970 1123 2023 et

143 2046 235 2123 regii,
251 2048 303 2122 qui
319 2054 483 2123 praeerant
496 2045 656 2107 custodiae
677 2053 801 2121 portus,
819 2043 953 2105 lembum
974 2052 1122 2108 armatum

143 2129 183 2189 ad
199 2129 435 2206 pertrahendam
450 2145 519 2190 eam
538 2129 640 2190 navim
653 2128 811 2203 miserunt,
826 2144 896 2190 oum
910 2129 997 2204 gravi
1011 2129 1121 2203 edicto,

142 2230 183 2273 ne
195 2220 421 2274 reverterentur
434 2213 503 2275 sine
517 2229 564 2273 ea.
593 2229 663 2274 cum
677 2213 738 2273 iam
752 2212 1049 2289 appropinquabant,
1064 2213 1122 2275 Po

139 2298 184 2357 ris
200 2298 324 2373 quidem
338 2298 379 2358 ad
393 2297 595 2359 hortationem
614 2296 762 2371 remigum
784 2303 1004 2372 nautarumque
1025 2298 1121 2358 inten-

140 2387 191 2443 tus
206 2388 287 2450 erat3
302 2381 454 2441 interdurn
469 2396 578 2442 marrus
603 2381 643 2441 ad
669 2380 788 2441 caelum
811 2378 943 2440 tendens
969 2379 1062 2454 deos,
1088 2387 1123 2441 ut

142 2466 377 2539 terrent-opem,
402 2465 519 2526 orabat
547 2466 638 2525 ferox
661 2463 781 2525 interim
805 2463 932 2535 femina,
962 2462 1003 2522 ad
1027 2465 1122 2524 multo

141 2555 212 2609 ante
226 2548 468 2623 praecogitatum
481 2549 622 2609 revoluta
635 2547 770 2621 lacinus,
792 2562 946 2608 venenum
960 2546 1047 2608 diluit
1062 2548 1121 2607 ler-

140 2647 272 2706 rumque
286 2632 411 2707 proruit,
427 2639 458 2692 et
472 2632 574 2707 posito
587 2631 619 2691 in
633 2639 803 2708 conspectu
818 2631 931 2708 poculo
946 2630 1122 2707 strictisque

140 2713 252 2790 gladiis
267 2721 391 2790 „mors“
406 2715 505 2790 inquit
518 2731 603 2789 „una
613 2715 750 2775 vindicta
763 2721 822 2776 est
848 2714 919 2774 viae
934 2715 974 2775 ad
993 2721 1122 2778 mortem

141 2798 200 2858 hae
215 2805 302 2859 sunta
317 2814 380 2874 qua
395 2813 551 2875 quemque
565 2799 685 2859 animus
700 2800 772 2871 lert,
794 2796 919 2872 effugite
944 2797 1122 2875 superbiam

140 2882 266 2956 regiam.
298 2881 394 2958 agite,
410 2884 539 2943 iuvenes
553 2883 628 2957 mei,
650 2882 797 2958 primum,
820 2881 873 2956 qui
887 2881 1020 2943 maiores
1035 2881 1120 2955 estis,

80 2999 86 3003 -
141 2966 241 3040 capite
254 2966 382 3040 terrum,
397 2973 450 3028 ant
463 2966 581 3027 haurite
596 2966 756 3041 poculum,
780 2965 808 3025 si
829 2964 954 3038 segnior
974 2981 1058 3026 mors
1074 2964 1120 3025 iu·

140 3054 221 3109 rat“
250 3056 280 3110 et
293 3050 400 3111 hostes
412 3051 541 3110 aderant
551 3056 581 3109 et
591 3056 698 3110 auctor
708 3048 815 3109 mortis
826 3047 968 3110 instabat
992 3050 1043 3109 alii
1059 3048 1121 3109 alio

139 3134 200 3193 leto
216 3132 369 3209 absumpti
384 3134 578 3194 semianimes
593 3148 703 3194 errave
714 3132 960 3209 praecipitantur.
987 3133 1057 3208 ipsa
1068 3130 1118 3191 de·

140 3215 211 3277 inde
226 3218 324 3277 virum
338 3217 479 3278 comitem
494 3217 599 3278 mortis
616 3217 780 3292 complexa
799 3216 829 3276 in
846 3230 931 3277 mare
950 3231 1022 3277 sese
1037 3214 1108 3274 deie

140 3298 190 3359 cit
218 3315 298 3360 nave
312 3316 412 3362 vacua
426 3300 558 3362 dominis
573 3301 649 3376 regii
664 3299 751 3375 potiti
765 3307 847 3361 sunt

222 3385 261 3443 V.
281 3384 380 3445 Huius
402 3384 547 3447 atrocitas
568 3385 713 3445 facinoris
734 3400 847 3445 novam
869 3383 954 3444 velut
967 3380 1122 3439 flammam

140 3466 221 3542 regis
235 3466 369 3528 invidiae
384 3468 510 3541 adiecit,
524 3476 557 3530 ut
572 3470 663 3544 vulgo
675 3468 777 3545 ipsum
789 3467 966 3540 liberosque
977 3475 1119 3523 exsecra-
