2642 4017
244 263 305 328 188
429 263 546 324 LIBER
558 263 647 322 XLII.
669 262 752 323 CAP.
766 269 811 326 ot.
833 268 869 336 [a.
881 268 916 324 U.
927 286 952 321 o.
962 269 1026 337 bel]

243 425 338 492 plara
361 429 431 475 oum
443 413 557 474 Pellam
569 414 722 486 venisset,
742 414 879 475 exercitu
897 415 929 474 in
949 415 1076 478 hiberna
1090 419 1221 480 dimisso

241 499 312 576 ipse
325 514 396 559 eum
406 498 503 575 Cotye
512 496 762 558 Thessalonicam
772 504 821 561 est
833 499 1002 574 proieotus
1021 512 1059 561 eo
1073 501 1155 561 tama
1165 504 1221 562 ad·

242 584 338 643 fertur
349 580 500 642 Atlesbim
517 581 657 655 regulum
669 580 820 642 Thracum
839 588 870 641 et
889 582 1056 658 domgmn
1073 583 1221 646 Eumenis

243 666 430 741 praetentum
444 663 475 725 in
489 663 595 742 Cotyis
610 664 690 724 lines
703 664 848 739 impetum
866 666 995 739 immae,
1016 674 1048 727 et
1061 667 1222 743 regionem

240 748 385 808 Marenen
401 753 615 823 quamvoeant
627 747 762 822 oepisss
783 746 887 822 itaque
899 748 1109 810 munuum
1121 750 1221 829 Cotyn

242 832 283 891 ad
296 846 355 892 sua
369 830 485 891 menda
502 837 588 891 ratus
608 829 728 906 mmm
745 830 992 906 prodaiseentom
1004 833 1095 894 donis
1110 850 1220 908 prose·
1319 844 1320 859 ¹

243 915 352 990 quitur.
381 914 512 975 dueenta
530 915 659 989 talenta,
679 921 828 975 semestre
848 913 1049 990 stipendium,
1071 916 1221 992 equitatui

242 1002 394 1068 numerat,
410 1012 480 1056 oum
494 996 592 1072 prime
606 1012 741 1058 annuum
753 997 829 1058 dare
842 996 1060 1058 monstrasset

326 1079 440 1140 consul
455 1085 618 1154 postquam
629 1081 801 1155 preieotum
811 1079 925 1140 Persea
937 1079 1069 1156 audivit,
1083 1083 1124 1141 ed
1136 1083 1219 1143 Gon·

241 1177 313 1222 num
324 1169 427 1223 eastra
435 1169 547 1237 movet,
556 1163 584 1223 si
595 1163 686 1239 potiri
696 1164 812 1240 oppido
822 1169 939 1239 penset.
951 1170 1022 1225 ante
1030 1165 1220 1242 ipsaTempe

241 1245 272 1306 in
284 1244 426 1307 iauoibm
440 1245 531 1308 situm
542 1246 743 1307 Macedoniae
762 1249 897 1308 mansue
910 1247 1062 1309 tutissima
1081 1250 1219 1324 praebet,

241 1336 272 1390 et
282 1330 313 1389 in
319 1328 507 1390 Thessaliam
517 1329 950 1406 opportunumMuoedonibus
959 1332 1132 1393 decursum.
1148 1348 1220 1393 eum

242 1421 272 1474 et
284 1415 354 1474 loeo
368 1419 400 1473 et
412 1412 567 1488 praesidio
582 1412 685 1475 valido
699 1413 945 1489 inexpugnabilis
959 1419 1034 1488 [res]
1049 1423 1148 1488 esset,
1163 1417 1218 1476 ab

240 1495 315 1558 stitit
339 1496 472 1571 incepto.
503 1495 536 1556 in
554 1497 768 1558 Perrhaebiam
792 1496 882 1557 flexis
907 1497 1065 1560 itineribus
1085 1498 1219 1560 Malloea

240 1580 338 1656 primo
355 1580 470 1655 impetu
484 1586 573 1656 capta
593 1581 779 1656 abdirama,
798 1580 912 1654 Tripoli
932 1579 1054 1655 uiaque
1067 1580 1214 1643 Perrhae-

239 1663 290 1722 bia
302 1669 428 1737 reoepte
438 1661 575 1724 Larisam
587 1664 686 1725 rediit.
707 1663 779 1724 inde
788 1662 923 1724 Eumene
938 1671 1031 1740 atque
1043 1665 1144 1726 Attalo
1161 1667 1215 1727 do·

240 1760 322 1805 mum
336 1743 475 1805 remissis
486 1744 675 1821 Misagenem
689 1746 897 1821 Numidasque
910 1746 941 1806 in
955 1747 1085 1808 hiberna
1097 1748 1128 1807 in
1142 1765 1216 1823 pro-

239 1826 330 1887 ximis
341 1827 496 1888 Thessnlis
510 1830 637 1889 urbibus
649 1830 816 1903 distribuit,
830 1838 863 1890 et
875 1837 991 1905 partem
1005 1833 1159 1893 ambitus
1174 1833 1217 1896 ita

241 1927 297 1986 per
308 1916 402 1972 totam
414 1910 602 1972 Thessaliam
617 1912 736 1986 divisit,
750 1920 784 1974 ut
797 1912 963 1974 etbiberna
976 1915 1137 1976 commode
1150 1932 1217 1976 om·
1318 1976 1320 2011 i

240 2010 295 2055 nes
309 1994 456 2056 baberent
475 2003 506 2057 et
524 1995 680 2071 praesidio
692 1996 820 2057 urbibus
831 2003 945 2057 essent.
976 1997 1010 2070 Q.
1025 1997 1158 2059 Munium
1172 2000 1217 2058 le·

238 2084 340 2154 gotum
361 2093 431 2139 enm
458 2079 580 2140 duobus
602 2077 724 2139 milibus
744 2079 785 2139 ad
807 2078 1003 2140 obtinendam
1020 2080 1218 2142 Ambraciam

237 2161 527 2306 ffidmeeanm
536 2160 703 2224 eivitatium
710 2160 815 2223 aoeies
825 2177 934 2224 omnes
944 2164 1217 2238 praeteerhaeos

260 2245 268 2259 ’
301 2244 308 2260 ’
328 2243 359 2302 ‘.
380 2260 450 2306 eum
462 2246 614 2308 exereitus
628 2246 1083 2322 porteproteetusinaebaiam
1092 2246 1217 2309 Phthio·

237 2327 305 2402 tim,
319 2327 454 2390 Pteleum
469 2330 623 2391 desertum
637 2332 710 2405 iuga
724 2329 946 2405 oppidanorum
961 2330 1052 2391 diruit
1065 2345 1087 2390 a
1105 2331 1216 2392 lunda-

237 2412 362 2485 mentis‚
375 2412 515 2472 Annona
526 2414 684 2474 voluntate
697 2412 860 2474 solentium
873 2412 1000 2488 reoepit.
1019 2413 1061 2473 ad
1074 2413 1216 2477 Larisam

238 2494 349 2555 dmnde
367 2492 535 2554 exereitum
546 2494 691 2554 admovit.
723 2494 797 2555 urbs
817 2496 941 2557 desata
959 2502 1041 2567 eren
1059 2496 1093 2556 in
1111 2512 1216 2559 aroern

239 2577 337 2635 omnis
351 2575 510 2636 mmtitudo
522 2582 734 2638 eonmsserete
755 2593 824 2639 eam
835 2594 1016 2655 oppugnare
1026 2579 1214 2655 adgreditur.
1319 2632 1320 2643 ,

237 2655 325 2731 primi
340 2657 473 2718 anutium
486 2658 1038 2737 Macedonemregiumpraesidiumr,
1060 2672 1212 2725 metuex·
1319 2712 1320 2737 r

237 2745 409 2809 cesseram
425 2755 445 2800 a
459 2741 570 2815 quibus
583 2743 680 2804 retiati
695 2744 842 2821 oppidani
856 2746 886 2806 in
902 2745 1087 2807 deditionem
1097 2753 1214 2808 extem·
1319 2746 1320 2795 ἒ

237 2822 290 2896 pio
300 2819 434 2885 veniunt.
458 2823 589 2887 dubitari
605 2827 691 2902 inde,
707 2835 808 2890 utrum
818 2829 987 2891 Demetrias
1001 2829 1214 2905 adgredienda
1319 2838 1320 2913 ζ

237 2906 315 2966 toret
329 2922 368 2966 an
381 2905 412 2967 in
425 2907 553 2971 Boeotia
568 2910 766 2986 aspiciendae
777 2927 839 2973 res.
861 2912 1014 2988 Thebani,
1027 2912 1213 2975 vexantibus

236 3004 292 3048 eos
307 2989 488 3066 Coronaeis,
507 2993 538 3054 in
548 2993 708 3056 Boeotiam
720 2996 927 3058 aroessebant
957 2996 999 3057 sd
1017 2995 1127 3058 horum
1140 3011 1213 3073 pre

236 3087 305 3146 ees,
326 3073 399 3148 quia
418 3074 554 3139 bibernis
574 3078 675 3153 aptior
692 3079 777 3155 regio
798 3095 889 3154 quam
902 3079 1061 3156 Magnesia
1079 3086 1159 3156 eret,
1179 3079 1211 3141 in

235 3153 394 3218 Boeotiam
407 3158 503 3221 duxit

622 3365 824 3381 W
