2642 4017
211 271 275 336 220
358 272 474 332 LIBER
487 271 591 331 xliv.
614 270 697 330 cnr.
714 280 756 332 11.
770 280 812 332 ra.
835 264 1032 343 [amemus]
1123 341 1126 355 Ι

208 424 336 486 adortus
351 421 481 483 tumultu
493 420 603 482 iniecto
618 420 648 479 in
670 419 842 480 custodiam
860 421 926 482 eius
941 422 1002 482 loci
1017 438 1196 500 propugna-

209 514 292 567 tores
309 505 395 566 urbis
422 503 592 565 avertisset.
627 510 714 563 erant
733 504 764 564 in
788 505 944 579 praesidio
971 505 1198 580 Cassandreae,
1309 534 1310 581 r

209 598 331 668 praeter
363 605 426 650 non
457 587 710 649 contemnendam
742 589 930 649 iuventutem
957 590 1197 666 oppidanorum,

209 673 374 750 octingenti
393 670 545 747 amianas
565 678 597 732 et
616 671 679 731 duo
700 670 780 730 milia
799 669 997 732 Penestarum
1011 674 1199 751 lllyriorum,

209 758 382 819 aPleurato
403 756 475 816 inde
495 755 596 828 missi,
617 753 799 816 bellicosum
817 762 981 832 utrumque
1001 772 1111 832 genus.
1145 756 1199 820 his

207 842 365 904 tuentibus
376 854 492 912 muros,
508 856 577 900 cum
587 838 692 899 subire
703 838 833 898 Romani
845 854 964 899 summa
973 840 1005 899 vi
1016 839 1197 917 niterentur,

210 933 364 986 momento
379 921 528 999 temporis
545 923 677 997 parietes
699 922 849 983 fornicum
870 923 1005 998 perfossi
1020 924 1126 984 urbem
1138 941 1194 1000 pa·

208 1012 388 1070 refecerunt.
419 1006 503 1081 quod
514 1005 542 1065 si
554 1007 606 1081 qui
617 1005 757 1082 irrupere
769 1007 875 1067 armati
886 1006 1026 1083 fuissent,
1037 1011 1197 1083 extemplo

209 1093 374 1167 cepissent
403 1089 463 1151 hoc
475 1090 528 1150 ubi
544 1091 710 1165 perfectum
726 1105 799 1150 esse
819 1106 899 1165 opus
915 1090 1060 1153 militibus
1074 1093 1196 1153 nuntia·

208 1184 271 1237 tum
289 1182 352 1247 est,
374 1175 538 1235 clamorem
559 1175 678 1234 alacres
698 1173 811 1249 gaudio
827 1174 959 1249 'repente
980 1176 1103 1250 tollunt,
1123 1174 1194 1236 aliis

208 1266 295 1335 parte
315 1256 376 1319 alia
395 1256 427 1317 in
446 1257 554 1318 urbem
573 1257 743 1332 irrupturis.
770 1257 835 1317 xil.
858 1257 964 1319 hostes
987 1259 1115 1334 primum
1137 1260 1192 1320 ad·
1317 1258 1318 1275 ³

207 1343 326 1405 miratio
352 1341 448 1418 cepit,
477 1342 623 1417 quidnam
654 1339 714 1400 sibi
737 1338 917 1414 repentinus
949 1343 1066 1403 clamor
1090 1344 1192 1405 vellet.

207 1433 372 1504 postquam
384 1433 491 1502 patere
500 1424 607 1487 urbem
621 1439 771 1499 accepere
782 1425 929 1499 praefecti
937 1426 1083 1501 praesidii
1091 1425 1193 1505 Phyto

209 1519 240 1573 et
251 1511 427 1588 Philippus,
449 1525 505 1585 pro
523 1525 560 1570 eo
576 1509 628 1584 qui
643 1513 829 1583 occupasset
842 1509 970 1584 adgredi
984 1526 1064 1586 opus
1079 1512 1193 1572 factum

208 1610 281 1656 esse
292 1596 359 1670 rati,
371 1611 441 1656 cum
451 1593 555 1654 valida
565 1607 656 1653 manu
666 1592 837 1667 Agrianum
847 1592 1081 1671 Illyriorumque
1091 1610 1187 1655 erum·

207 1685 292 1754 punt,
306 1680 541 1752 Romanosque,
565 1676 618 1751 qui
638 1674 689 1736 alii
704 1676 827 1736 aliunde
842 1677 964 1738 coibant
978 1679 1190 1740 convocaban-

206 1768 333 1837 turque,
354 1770 388 1823 ut
401 1762 489 1836 signa
502 1761 534 1821 in
549 1759 655 1820 urbem
674 1760 834 1836 inferrent,
855 1761 1077 1836 lncompositos
1098 1767 1193 1839 atque

206 1844 396 1906 inordinatos
416 1847 521 1920 itrgant
540 1851 831 1920 persequunturque
844 1845 885 1905 ad
900 1846 1033 1921 fossam,
1053 1847 1192 1921 inquam

207 1931 388 2005 compulsos
408 1928 497 1989 ruina
518 1929 681 1990 cumulant.
710 1929 848 1990 sexcenti
866 1929 962 1990 ferme
976 1929 1017 1990 ibi
1031 1929 1191 2005 interfecti,

207 2028 378 2089 omnesque
399 2028 512 2089 prope,
534 2013 587 2089 qui
607 2013 686 2073 inter
706 2028 825 2075 mamm
846 2013 1027 2090 fossamque
1043 2013 1191 2089 deprensi

207 2106 300 2172 erant,
315 2098 521 2160 vulnerantur.
543 2096 586 2159 ita
600 2112 658 2158 suo
674 2097 745 2172 ipse
759 2104 872 2159 conatu
886 2099 1050 2173 perculsus
1066 2104 1192 2173 praetor

206 2183 331 2258 segnior
344 2184 384 2244 ad
395 2184 455 2245 alia
466 2184 565 2244 factus
580 2179 709 2243 cousdia
719 2188 794 2242 erat.
819 2187 852 2243 ct
866 2198 905 2241 ne
915 2181 1043 2244 Eumeni
1054 2182 1190 2258 quidem,

208 2264 297 2327 simul
318 2283 337 2326 a
359 2267 434 2327 mari
450 2268 572 2329 simula
591 2273 674 2327 terra
694 2264 899 2341 adgredienti,
925 2266 1091 2342 quicquam
1111 2264 1189 2327 satis

206 2351 403 2425 procedebat.
436 2351 550 2426 placuit
569 2348 660 2424 igitur
680 2349 802 2424 utrique
822 2350 971 2411 custodiis
985 2349 1127 2422 firmatis,
1150 2366 1191 2410 ne

206 2436 291 2510 quod
305 2433 492 2512 praesidium
504 2450 543 2495 ex
554 2432 737 2493 Macedonia
747 2433 901 2495 intromitti
915 2440 1030 2510 posset,
1045 2434 1190 2509 quoniam

205 2520 253 2579 vis
267 2527 373 2595 aperta
387 2534 450 2578 nou
464 2515 682 2592 processisset,
698 2514 846 2590 operibus
861 2516 984 2579 moenia
998 2532 1188 2593 oppugnare.

207 2601 283 2660 haec
307 2600 485 2675 parantibus
504 2598 552 2659 his
574 2598 682 2658 decern
702 2600 779 2673 regii
800 2601 892 2661 lembi
913 2603 951 2663 ab
969 2601 1190 2663 Thessalonica

207 2700 275 2744 cum
296 2682 423 2742 delectis
443 2681 596 2742 Gallorum
618 2681 818 2744 auxiliaribus
839 2683 941 2758 missi,
968 2701 1037 2746 cum
1062 2686 1093 2745 in
1117 2687 1186 2746 salo

206 2774 321 2828 stantes
339 2764 474 2827 hostium
488 2781 584 2827 naves
600 2767 847 2842 conspexissent,
863 2767 924 2843 ipsi
938 2769 1072 2831 obscura
1085 2776 1187 2843 nocte,

205 2848 336 2925 simplici
353 2849 476 2925 ordine,
498 2866 590 2927 quam
611 2857 754 2926 poterant
773 2850 914 2927 proxime
933 2853 1017 2914 littus
1038 2859 1187 2925 tenentes,

204 2934 351 2994 intrarunt
363 2934 480 2995 urbem.
508 2935 600 2996 huius
622 2935 695 2996 novi
711 2933 858 3010 praesidii
873 2937 953 2997 fama
966 2935 1116 2998 absistere
1131 2952 1186 3011 op·

204 3018 391 3093 pugnatione
405 3018 494 3079 simul
505 3021 661 3081 Romanos
675 3034 842 3094 regemque
856 3020 965 3095 coegit.
992 3018 1187 3083 circumvecti

204 3103 444 3177 promontorium
460 3104 500 3163 ad
510 3104 651 3166 Toronen
668 3104 800 3164 classem
814 3105 1008 3179 appulerunt
1030 3120 1098 3166 eam
1110 3120 1185 3180 quo-

204 3200 266 3261 que
286 3200 467 3261 oppugnare
482 3186 596 3260 adorti,
615 3186 668 3247 ubi
689 3186 791 3247 valida
806 3187 930 3248 defendi
944 3204 1037 3250 manu
1050 3187 1185 3250 animad-

202 3276 371 3345 verterunt,
396 3269 479 3331 irrito
505 3270 627 3346 incepto
647 3269 872 3331 Demetriadem
899 3277 1015 3346 petunt.
1048 3272 1090 3333 lbi
1116 3286 1185 3331 cum

203 3352 487 3429 appropinquantes
501 3354 619 3428 repleto
632 3352 755 3414 moenia
770 3354 893 3416 armatis
907 3354 1074 3430 vidissent,
1097 3368 1186 3429 prae-

202 3437 328 3499 tervecti
343 3437 383 3499 ad
396 3437 502 3497 Iolcon
517 3438 649 3496 classem
665 3435 866 3511 appulerunt,
887 3436 959 3498 inde
973 3454 1048 3513 agro
1063 3442 1185 3498 vastato

202 3516 425 3581 Demetriadem
442 3533 566 3595 quoque
580 3517 769 3592 adgressuri.
