2642 4017
323 252 442 313 LtBER
455 254 530 313 XLI.
554 253 874 327 cap.at.[a.0.1toJ
1027 256 1088 319 125

189 404 296 467 xtttV.
317 403 393 464 Post
412 403 494 463 hunc
508 403 628 474 Archo,
652 403 745 464 irater
758 403 910 465 Xenarchi
927 407 1088 482 praetoris,

102 491 147 552 ita
160 487 315 549 disseruit
351 485 528 562 „difficilem
551 488 719 548 orationem
735 486 912 549 Callicrates
929 489 1045 551 etmihi
1060 500 1089 554 et

102 573 261 644 omnibus,
277 572 330 647 qui
345 571 384 630 ab
399 585 437 631 eo
453 570 668 645 dissentimus,
685 569 771 631 lecit-2
794 573 917 648 agendo
933 573 1013 634 enim
1027 576 1088 636 Ro·

102 672 212 718 manae
232 654 388 717 societatis
410 669 536 715 causam
550 655 633 730 ipse,
654 657 859 731 temptarique
872 664 903 717 ot
917 657 1089 734 oppugnari

102 742 235 801 dicendo
253 756 344 814 quam
359 754 450 798 nemo
461 753 562 814 neque
574 745 703 814 temptat
716 754 818 815 neque
830 749 999 818 oppugnat,
1014 742 1088 803 eila

103 826 152 897 cit,
167 831 201 884 ut
215 824 268 900 qui
282 823 321 883 ab
336 838 372 883 se
387 823 571 898 dissentiret,
585 822 738 884 adversus
752 824 910 886 Romanos
926 826 1030 886 dicere
1044 826 1088 887 vi·

101 910 236 969 deretur.
258 923 295 968 ac
309 907 439 982 primum
454 906 596 981 omnium,
615 914 770 983 tamquam
784 922 847 968 non
861 907 912 970 hie
926 910 1088 972 nobiscum

101 993 222 1066 luisset,
238 992 296 1052 sed
310 997 364 1052 aut
377 1006 417 1050 ex
432 990 516 1052 curia
530 991 637 1066 populi
647 992 780 1053 Romani
791 991 908 1053 veniret
918 1001 1088 1070 astragum

101 1074 224 1136 arcanis
237 1076 409 1148 interesset,
426 1075 528 1135 omnia
541 1073 601 1135 scit
612 1080 644 1135 et
653 1076 771 1136 nuntiat
782 1092 862 1152 quae
874 1079 993 1140 occulte
1008 1080 1088 1140 laeta

102 1166 184 1221 sunt.
203 1159 319 1219 divinat
332 1160 422 1220 etiam
436 1174 516 1235 quae
530 1160 631 1220 latura
646 1160 766 1235 luerint,
781 1160 809 1220 si
819 1159 978 1238 Philippus
992 1161 1086 1224 vixis·

101 1251 159 1319 set,
174 1243 248 1319 quid
262 1243 304 1303 ite
315 1242 449 1303 Perseus
463 1243 551 1317 regni
564 1242 656 1304 heres
671 1243 719 1319 sit,
736 1244 811 1321 quid
825 1244 1087 1319 parentblacedo·

100 1343 168 1401 nes,
185 1327 258 1402 quid
273 1327 406 1402 cogitent
417 1325 557 1388 Romani.
588 1343 647 1388 nos
661 1334 777 1403 autem,
801 1330 852 1403 qui
867 1329 979 1389 neceb
996 1345 1087 1405 quam

101 1427 228 1472 causam
247 1427 306 1471 nec
327 1426 418 1486 quem
437 1411 615 1472 admodum
635 1412 761 1487 perierit
773 1413 945 1474 Demetrius
961 1412 1086 1485 scimus,

101 1511 162 1556 nec
183 1493 257 1570 quid
271 1494 445 1570 Philippus,
466 1494 494 1555 si
507 1495 651 1569 vixisset,
675 1496 812 1556 iacturas
827 1496 932 1567 luerit,
955 1496 1087 1556 adhaec

101 1594 183 1656 quac
201 1581 302 1654 palam
318 1586 465 1654 geruntur
479 1579 607 1640 consilia
621 1586 728 1640 naara
744 1579 980 1640 accommodare
994 1594 1086 1655 opor·

99 1671 152 1724 tet.
173 1679 210 1722 ac
230 1664 345 1724 scimus
359 1661 472 1723 Persea
489 1678 585 1738 regno
609 1670 737 1738 accepto
754 1664 874 1738 legatos
888 1662 1017 1724 Romam
1031 1664 1086 1724 mi·

100 1748 199 1821 sisse,
214 1762 317 1822 regem
331 1746 446 1808 Persea
460 1747 499 1806 ab
513 1748 631 1822 populo
645 1747 786 1807 Romano
802 1748 1007 1822 appellatum
1032 1764 1085 1809 au·

100 1832 204 1893 dinam
218 1831 336 1906 legatos
345 1833 504 1893 Romanos
518 1830 644 1891 venisse
658 1831 699 1891 ad
712 1845 826 1906 regem,
841 1839 872 1893 et
884 1847 941 1894 eos
953 1832 1086 1907 benigne

100 1923 261 1991 exceptos.
294 1916 372 1977 haec
392 1915 494 1975 omnia
513 1916 601 1991 pacis
621 1912 765 1989 equidem
783 1915 871 1991 signa
885 1931 959 1980 esse
972 1915 1085 1990 iudico,

99 2016 164 2061 non
183 1999 270 2069 belli3
293 2015 351 2061 nec
365 2000 520 2061 Romanos
542 1998 657 2060 offendi
678 2014 791 2074 posse,
812 1999 839 2059 si
853 2005 888 2059 ut
908 1999 1020 2060 bellum
1033 2014 1085 2074 ge·

98 2091 204 2144 rentes
219 2099 275 2144 eos
290 2082 388 2145 secuti
402 2098 524 2156 sumus,
539 2099 621 2144 nune
636 2098 762 2159 quoque
775 2084 863 2159 pacis
878 2089 1022 2144 auctores
1037 2098 1085 2143 se-

103 2183 243 2244 quamur.
265 2183 320 2229 cur
335 2168 458 2243 quidem
473 2183 532 2228 nos
546 2167 732 2243 inexpiabile
747 2167 881 2229 omnium
899 2166 958 2228 soli
973 2166 1086 2227 bellum

100 2252 252 2313 adversus
273 2267 400 2328 regnum
413 2251 617 2312 Macedonum
637 2268 795 2328 geramus,
817 2268 879 2312 non
899 2250 1001 2311 video.
1030 2267 1085 2325 op

100 2336 226 2412 portani
245 2334 474 2412 propinquitate
493 2336 564 2411 ipsa
575 2335 777 2397 Macedoniae
798 2342 927 2398 sumus?
947 2351 986 2395 an
1001 2335 1085 2395 intir-

98 2420 229 2481 missimi
241 2421 383 2495 omnium,
398 2427 561 2496 tamquam,
574 2437 654 2495 quos
666 2436 765 2496 nuper
775 2420 913 2496 subiecit,
924 2420 1086 2494 Dolopesr

98 2505 191 2564 immo
208 2511 315 2565 contra
328 2520 366 2564 ea
382 2506 428 2564 vel
443 2504 559 2565 viribus
574 2504 705 2580 nostris,
720 2505 812 2565 deum
825 2501 1019 2581 benignitate,
1035 2502 1085 2562 vcl

100 2588 238 2664 regionis
252 2588 410 2649 intervallo
425 2588 489 2649 tuti.
511 2589 568 2649 sed
582 2589 680 2650 simus
690 2604 791 2665 aeque
801 2587 932 2650 subiecti
942 2604 980 2649 ac
989 2588 1083 2648 Thes·

99 2672 157 2732 sali
170 2672 351 2748 Aetoliquer
372 2672 466 2733 nihilo
486 2674 557 2747 plus
577 2673 650 2733 lidei
670 2674 921 2750 auctoritatisque
934 2672 1084 2733 habemus

99 2756 252 2816 adversus
266 2756 432 2831 Romanos,
454 2756 506 2831 qui
519 2771 643 2831 semper
656 2757 734 2817 socii
749 2764 841 2832 atque
854 2758 944 2817 amici
960 2757 1083 2829 luimus,

99 2854 193 2915 quam
206 2840 323 2915 Aetoli,
346 2839 399 2916 qui
413 2841 506 2914 paulo
520 2846 591 2900 ante
606 2840 712 2901 hostes
727 2841 871 2900 luerunt?
891 2840 975 2915 quod
990 2841 1084 2901 Aeto·

97 2925 146 2995 lis,
165 2924 249 2998 quod
263 2924 428 2998 Tbessalis,
444 2924 528 2999 quod
537 2924 682 2999 Epirotis,
699 2924 781 2984 omni
792 2923 925 2998 denique
937 2924 1085 2984 Graeciae

98 3023 168 3066 cum
182 3006 405 3069 Macedonibus
426 3008 500 3068 iuris
521 3014 583 3080 est,
598 3008 679 3067 idem
694 3015 725 3067 et
738 3007 828 3068 nobis
844 3007 893 3067 sit.
926 3023 980 3067 cur
994 3022 1083 3068 exse·

97 3091 221 3150 erabilis
242 3092 301 3151 ista
320 3093 411 3154 nobis
431 3090 508 3152 solis
526 3091 610 3150 velut
627 3089 771 3151 dissertio
785 3090 861 3152 iuris
875 3091 999 3152 humani
1015 3097 1085 3152 esti

96 3174 204 3235 iecerit
224 3173 339 3250 aliquid
359 3176 532 3251 Phiiippus,
554 3189 609 3234 cur
629 3175 780 3235 adversus
801 3191 871 3236 eum
892 3182 1041 3236 armatum
1054 3183 1085 3235 et

95 3258 211 3318 bellum
226 3267 381 3333 gerentem
396 3260 456 3321 hoc
468 3261 719 3320 decerneremus:
743 3259 817 3334 quid
829 3259 972 3332 Perseus,
983 3275 1084 3330 novus

95 3357 167 3414 rex,
184 3344 283 3403 omnis
298 3343 426 3404 iniuriae
441 3344 565 3417 insons,
580 3359 638 3404 suo
653 3343 804 3404 beneficio
819 3351 963 3419 paternas
978 3343 1083 3402 simiri-

95 3431 175 3485 tates
190 3426 378 3500 oblitterans,
394 3429 511 3499 meruit
525 3443 579 3488 cur
590 3428 648 3488 soli
660 3427 795 3488 omnium
806 3426 913 3488 hostes
925 3427 953 3485 ei
965 3425 1083 3484 simust

97 3524 282 3585 quamquam
304 3520 335 3572 et
347 3511 420 3572 illud
444 3510 546 3570 dicere
561 3518 816 3590 poteram„tanta
831 3511 966 3585 priorum
980 3507 1081 3567 Maco-
