2642 4017
223 266 286 333 sao
388 222 1034 337 meanlt.ca12.aa.sa.p.u.ase1]

224 433 330 481 manas
344 430 401 479 rex
414 415 598 491 Attalusque
612 431 682 477 aum
696 414 779 479 orani
792 431 887 479 manu
900 431 958 481 sua
973 415 1012 481 ah
1025 422 1112 493 tergo
1126 415 1212 478 inter

224 510 412 579 posuamau
426 499 523 563 autern
537 514 574 561 aa
589 498 703 560 vallum
717 504 874 565 steterunt.

306 583 381 649 ΠΧ,
402 583 436 645 ln
456 581 538 645 huno
557 582 683 647 modum
696 582 828 647 maxime
841 583 1008 647 insttueue
1022 581 1121 657 acies,
1147 597 1209 658 par

224 670 320 731 terme
331 666 485 742 utrimque
499 680 645 729 numerus
659 666 798 742 equiturn
810 682 849 727 aa
858 665 936 731 lavis
947 672 1118 727 armdurae
1129 680 1207 727 eon·

224 747 584 817 asrmntainnditoribns
591 747 882 825 iaeulatoribusque,
895 747 1207 825 qoipreeeeeserunt,

224 835 343 913 praetio
363 837 442 897 orto.
470 830 559 907 prinu
579 832 714 897 eundum
733 831 882 907 Tireees,
902 831 987 897 haud
1001 847 1093 899 serus
1108 846 1205 907 quarn

224 921 278 981 din
292 916 434 978 claustris
449 920 586 977 aetenae
600 916 699 990 letae,
713 915 756 977 ita
770 914 912 979 eoneitati
926 930 997 979 mm
1010 914 1125 990 ingenti
1138 915 1205 977 ola-

223 1016 309 1063 more
322 998 769 1073 indexaomeornu,1taiieas
784 998 915 1073 equites,
935 996 1144 1072 incurrerunt,
1167 1004 1207 1061 ut

223 1099 285 1145 usu
300 1081 373 1143 belli
392 1085 424 1141 et
443 1079 567 1156 maenio
587 1082 742 1158 impavida
761 1097 838 1157 gens
857 1082 1029 1147 turbaretur
1043 1077 1076 1120 **
1090 1080 1203 1156 gladiis

222 1165 329 1229 mdes
344 1170 449 1239 petere
459 1164 580 1240 peditus
592 1162 625 1204 **
636 1182 720 1231 nune
729 1165 893 1229 sueeidere
902 1180 993 1229 orara
1003 1165 1103 1241 equis,
1118 1180 1204 1227 nune

222 1248 275 1314 ilia
294 1247 460 1313 suffodere.
480 1247 613 1313 Perseus
633 1249 667 1309 in
683 1248 816 1313 suediam
836 1249 973 1315 invectus
994 1247 1092 1311 aetem
1107 1247 1204 1313 Grae-

223 1350 279 1397 eos
300 1332 399 1408 prinae
419 1330 536 1408 impetu
556 1330 681 1404 avertit,
707 1332 819 1408 qulbus
840 1348 909 1397 eum
928 1332 1034 1408 gravia
1053 1331 1092 1395 ab
1112 1337 1203 1409 tergo

222 1415 350 1480 instaret
361 1415 470 1490 hostis,
489 1414 708 1481 thessalorum
722 1415 884 1492 equitatus,
900 1413 954 1491 qut
968 1431 987 1479 a
1001 1415 1089 1479 laevo
1105 1429 1205 1481 eumn

221 1501 308 1563 brevi
323 1499 424 1575 spatio
435 1497 588 1563 donans
599 1498 631 1559 in
642 1499 790 1563 subsidiis
801 1501 902 1563 lueret
908 1506 996 1563 extra
1006 1512 1203 1572 eonoumnr,

221 1585 321 1661 primo
342 1590 498 1658 spectator
516 1582 706 1658 certaminis,
725 1582 838 1645 ddnde
857 1582 1000 1647 inelinata
1018 1597 1053 1645 re
1066 1581 1203 1647 maximo

221 1669 294 1729 risui
308 1667 372 1728 iuit
391 1667 536 1729 cedentes
550 1667 632 1728 eninr
646 1666 760 1728 sensim
775 1666 901 1742 integris
917 1666 1091 1739 ordinibus,
1113 1671 1203 1741 post·

223 1765 315 1826 quarn
335 1764 371 1810 se
384 1749 528 1813 Eumenis
548 1749 670 1813 auxiliis
683 1749 902 1824 adiunxerant,
922 1757 953 1813 et
966 1765 1036 1815 eum
1049 1764 1088 1809 ee
1102 1754 1202 1811 tutum

222 1834 300 1895 inter
314 1832 438 1893 ordines
453 1848 529 1896 suos
543 1838 699 1908 reeeptum
714 1834 808 1899 soveiis
823 1835 897 1911 iuge
907 1833 1064 1910 dissipatis
1077 1830 1202 1906 debant.

222 1924 253 1978 et
273 1932 342 1980 eunr
362 1915 463 1981 minus
483 1915 613 1981 eonlerti
632 1915 741 1983 hostes
761 1917 924 1990 instarent,
949 1913 1095 1992 progredi
1109 1913 1202 1977 etiam

221 2001 291 2065 anei
321 2000 435 2065 inultm
467 2000 645 2076 fraglantiam
671 1984 782 2061 obvios
807 2008 1006 2077 exceperunt.
1034 2015 1092 2065 nee
1114 1997 1203 2074 regii,

222 2085 324 2160 sparsi
337 2084 398 2147 ianr
410 2083 471 2160 ipsi
484 2083 602 2160 passini
616 2084 793 2159 sequendo,
818 2099 886 2147 eum
908 2084 1056 2147 ordinatis
1070 2089 1101 2147 et
1114 2087 1202 2145 aerio

221 2168 433 2230 incedentibus
445 2168 544 2242 gradu
552 2182 661 2229 manns
673 2182 838 2229 conserere
848 2168 1010 2233 audebant
1021 2183 1092 2231 euna
1102 2166 1204 2229 vietor

221 2249 360 2326 equestri
372 2252 491 2328 proelio
506 2267 571 2326 rex,
586 2266 684 2326 parve
696 2259 850 2315 rnamenta
862 2250 889 2311 si
900 2251 1079 2324 adiuvisset,
1095 2248 1202 2315 debel-

220 2335 362 2408 lavisset,
389 2342 563 2412 opportune
588 2336 628 2398 ad
652 2335 837 2401 herandum
855 2333 1035 2410 supervenit
1055 2333 1202 2413 phalanx,

221 2435 314 2494 quarn
328 2435 386 2480 sua
400 2425 521 2492 sponte,
536 2433 576 2477 ne
591 2418 700 2477 audaci
716 2425 826 2494 coepto
842 2418 1003 2493 deessent,
1023 2415 1153 2497 Hippias
1169 2423 1203 2477 et

219 2501 396 2564 Leonnatus
419 2500 527 2574 raptim
552 2499 760 2574 adduxerant,
786 2508 951 2576 postquam
971 2516 1121 2579 prospere
1141 2516 1202 2575 pu·

220 2599 335 2658 grasse
355 2582 489 2657 equitem
509 2588 704 2658 aeceperunt.
732 2583 899 2649 fluctuante
919 2601 993 2661 rege
1011 2586 1090 2651 iuter
1110 2598 1201 2660 spem

219 2672 394 2739 metumque
413 2670 516 2726 antae
535 2664 580 2725 rei
600 2667 761 2729 conandae
783 2666 937 2731 cretensis
950 2668 1110 2742 Euander,
1136 2683 1201 2743 quo

219 2747 357 2810 ministro
378 2745 505 2824 Delphis
531 2749 571 2812 ad
595 2747 724 2813 insidias
744 2750 890 2815 Eumenis
913 2753 997 2830 regis
1021 2767 1099 2815 usus
1124 2756 1201 2826 erat,

219 2838 386 2908 postquam
399 2848 509 2908 Quen
524 2832 659 2909 peditum
674 2835 860 2898 venientium
874 2837 933 2899 sub
947 2836 1045 2912 signs
1059 2833 1142 2908 vidit,
1158 2834 1202 2897 ad

218 2930 323 2990 regem
337 2916 477 2993 aeeunrii,
492 2923 522 2979 el
535 2932 662 2978 monere
672 2917 787 2994 institit,
802 2934 842 2979 ne
853 2921 951 2983 elatus
963 2920 1106 2985 felicitate
1115 2933 1201 2981 sum·

218 3014 299 3060 marn
317 3015 419 3061 rernm
438 3009 553 3063 temere
573 3001 605 3061 in
625 3017 689 3063 non
707 3002 915 3065 neeessariam
928 3005 1028 3069 aleam
1048 3004 1149 3067 daret=
1171 2999 1202 3063 si

219 3088 381 3144 cantemus
401 3085 481 3145 bene
493 3100 528 3146 re
540 3091 631 3160 gesta
645 3086 783 3160 quiesset
796 3101 834 3147 eo
849 3086 914 3160 dia,
935 3089 986 3149 vel
1000 3086 1088 3163 paris
1101 3084 1201 3151 hone-

129 3214 139 3227 ..
163 3236 166 3243 ‚
219 3174 286 3227 stae
305 3165 513 3229 conditionem
533 3168 721 3246 habiturum,
741 3171 791 3231 vel
811 3171 961 3248 plurimos
984 3170 1058 3235 belli
1083 3168 1200 3244 socios,

219 3249 272 3325 qui
291 3249 444 3316 tartunam
464 3260 676 3328 sequerentur,
698 3251 726 3315 si
739 3254 855 3317 bellare
868 3255 981 3316 mallet
1003 3252 1034 3315 in
1048 3252 1109 3315 hoe
1124 3268 1200 3314 oon·

218 3331 321 3398 sitium
334 3334 461 3410 pronior
475 3341 541 3395 erat
553 3335 674 3397 animus
688 3336 782 3411 regis.
795 3338 899 3414 itaque
909 3338 1085 3401 collaudato
1095 3335 1200 3401 uuan-

218 3416 275 3479 dro
291 3417 380 3494 sigua
391 3415 499 3479 reterri
510 3417 708 3494 peditumque
719 3434 828 3494 agmen
838 3421 939 3483 radim
949 3418 981 3485 ln
991 3426 1096 3485 eastra
1104 3418 1200 3491 iubet

217 3502 372 3577 equitibus
386 3500 524 3578 receptui
539 3515 659 3565 uenere.
