2642 4017
303 254 420 313 LIBER
432 252 507 313 XLI.
529 253 613 314 CAP.
625 260 670 316 ii.
683 262 728 317 28.
751 259 788 327 [a.
802 260 912 329 0174]
1033 255 1095 318 litt

115 405 358 468 circumducend
376 402 409 442 **
431 414 462 467 et
479 406 580 468 lorum
597 403 768 481 porticibus
791 404 991 482 tabernisque
1014 407 1095 479 clau-

115 490 254 551 dendum
276 495 307 549 et
326 490 419 552 tanos
438 497 501 551 tres
518 488 690 551 iaciendos.
716 491 794 551 haec
817 490 855 551 ab
877 507 940 552 uno
964 507 1095 553 censore

116 589 215 650 opera
231 575 333 634 locata
351 589 422 634 cum
443 590 555 649 magna
573 571 672 649 gratia
690 576 883 636 colonorum.
906 573 937 634 in
958 573 1095 635 moribus

117 673 245 735 quoquc
263 656 409 731 regendis
427 658 557 735 diligens
577 664 608 719 et
625 673 739 719 severa
758 674 891 719 censura
907 655 973 719 luit.
993 658 1095 719 multis

117 739 190 816 equi
203 737 350 815 adempti.

197 824 331 884 XXVHI.
359 822 451 883 Exitu
468 839 567 899 prope
587 825 658 884 anni
680 824 761 884 diem
782 825 967 900 supplicatio
989 826 1044 888 luit
1059 827 1099 888 ob

113 925 164 969 res
188 921 337 984 prospere
357 913 462 981 gestas
480 907 510 967 in
530 906 679 982 Hispania
699 907 793 968 ductu
815 908 1018 985 auspicioque
1038 912 1098 985 Ap.

113 992 230 1053 Claudii
252 990 465 1067 proconsulis,
494 998 525 1051 et
544 990 710 1052 maioribus
730 991 839 1052 hostiis
861 990 966 1068 viginti
981 993 1098 1054 sacrifi·
1122 1020 1125 1027 ·

93 1134 96 1139 ,
115 1073 225 1137 catum.
255 1081 285 1135 et
298 1075 425 1134 atterum
446 1073 528 1134 mem
548 1074 733 1150 supplicatio
748 1076 788 1136 ad
803 1076 921 1137 Cereris
935 1076 1036 1137 Liberi
1049 1077 1098 1137 Li·

116 1160 272 1236 beraeque
293 1157 363 1232 luit,
386 1158 470 1232 quod
484 1173 524 1217 ex
539 1156 661 1218 Sabinis
676 1164 890 1220 terraemotus
904 1160 1013 1236 ingens
1028 1177 1097 1222 cum

112 1243 216 1304 multis
237 1241 444 1304 aedificiorum
466 1240 562 1303 ruinis
576 1240 732 1304 nuntiatus
746 1249 820 1304 erat.
849 1258 919 1304 cum
932 1245 993 1320 Ap.
1009 1244 1096 1306 Clau-

114 1327 187 1387 dius
209 1342 249 1386 ex
261 1323 412 1401 Hispania
432 1326 559 1386 Romam
578 1325 727 1401 redisset,
749 1327 885 1387 decrevit
904 1333 1044 1401 senatus,
1065 1334 1098 1388 ut
1138 1377 1143 1387 .

115 1426 214 1470 ovans
235 1410 342 1470 urbem
362 1409 459 1469 iniret.
493 1407 554 1469 iam
570 1410 744 1471 consularia
758 1409 881 1471 comitia
894 1411 1096 1487 appetebant;

114 1493 227 1570 quibus
252 1508 362 1568 magna
386 1490 579 1554 contentione
600 1493 711 1553 habitis
732 1500 858 1569 propter
877 1493 1096 1554 multitudinem

115 1577 281 1653 petentium
307 1576 400 1636 creati
425 1576 458 1636 L.
480 1575 655 1637 Postumius
682 1575 812 1637 Albinus
838 1583 869 1636 et
887 1577 927 1636 Μ.
949 1577 1096 1653 Popillius

113 1661 244 1722 Laenas.
266 1666 425 1736 praetores
440 1659 511 1720 inde
527 1660 598 1721 lacti
612 1660 646 1719 N.
658 1658 771 1720 Fabius
784 1660 882 1720 Buteo
892 1661 932 1720 Μ.
944 1660 1095 1723 Matienus

114 1745 146 1802 C.
162 1745 315 1806 Cicereius
328 1743 369 1803 Μ.
383 1744 493 1805 Furius
509 1744 671 1818 Crassipes
691 1743 799 1804 iterum
812 1745 850 1802 A.
865 1745 975 1806 Atilius
991 1744 1095 1806 Serra·

115 1846 174 1890 nus
195 1829 301 1888 iterum
322 1826 353 1887 C.
370 1827 493 1888 Cluvius
515 1826 630 1887 Saxula
651 1827 768 1888 iterum.
801 1828 930 1890 comitiis
950 1828 1095 1904 perlectis

114 1913 174 1988 Ap.
190 1912 333 1973 Claudius
354 1911 469 1972 Centho
491 1927 530 1971 ex
551 1910 709 1971 Celtiberis
731 1926 828 1971 ovans
850 1927 918 1971 cum
939 1912 969 1972 in
989 1912 1096 1973 urbem

114 1996 217 2071 iniret,
239 1997 345 2056 decem
366 1995 447 2054 milia
466 1995 571 2071 pondo
587 1994 719 2070 argenti,
742 1994 878 2070 quinque
892 1995 973 2055 milia
986 1996 1052 2055 auri
1066 1995 1096 2054 in

114 2080 264 2140 aerarium
275 2079 350 2139 tulit.
365 2077 477 2139 flamen
488 2078 583 2139 Dialis
595 2080 794 2152 inauguratus
806 2086 855 2139 est
866 2078 918 2139 Cn.
928 2078 1094 2139 Cornelius.

196 2163 314 2224 Eodem
335 2179 415 2223 anno
436 2163 539 2223 tabula
559 2163 589 2222 iu
610 2162 688 2222 aede
702 2161 806 2222 matris
821 2162 954 2223 Matutae
969 2177 1037 2222 cum
1052 2162 1094 2221 in·

113 2248 182 2308 dice
202 2247 262 2308 hoc
280 2246 382 2322 posita
397 2254 453 2307 est.
481 2247 543 2321 „Ti
559 2244 734 2321 Sempronii
748 2244 876 2305 Gracchi
892 2245 1028 2306 consulis
1042 2245 1095 2305 im·

113 2331 200 2408 perio
215 2330 417 2406 auspicioque
431 2328 512 2405 legio
527 2331 744 2405 exercitusque
759 2329 866 2404 populi
879 2329 1009 2390 Romani
1025 2328 1091 2389 Sar-

113 2413 227 2475 diniam
248 2414 378 2488 subegit.
404 2413 435 2473 in
458 2429 496 2473 ca
510 2413 670 2488 provincia
683 2413 817 2475 hostium
833 2428 927 2474 caesa
941 2418 993 2472 aut
1007 2419 1096 2487 capta

112 2515 210 2573 supra
225 2497 380 2572 octoginta
393 2496 484 2557 milia.
515 2514 549 2557 re
563 2499 687 2572 publica
702 2494 880 2558 felicissime
892 2503 989 2572 gesta,
1004 2505 1097 2571 atque

112 2582 248 2642 liberatis
261 2580 295 2619 **
308 2580 509 2657 vectigalibus
527 2581 683 2655 restitutis,
696 2580 863 2642 exercitum
875 2581 993 2641 salvum
1004 2588 1098 2656 atque

111 2666 295 2727 incolumem
312 2665 520 2740 plenissimum
533 2665 649 2740 praeda
660 2665 783 2726 domum
795 2663 972 2739 reportavit,
988 2664 1097 2725 iterum

110 2749 303 2826 triumphans
324 2749 355 2808 in
375 2746 482 2809 urbem
495 2750 626 2810 Romam
639 2749 738 2808 rediit.
767 2748 855 2808 casius
869 2748 914 2807 rei
930 2764 1003 2824 ergo
1017 2748 1097 2809 banc

111 2834 246 2895 tabularu
262 2833 376 2893 donum
390 2832 456 2894 Iovi
470 2832 583 2893 dedit.“
606 2830 766 2892 Sardiniae
780 2831 899 2890 insulae
913 2832 1011 2891 lorma
1022 2838 1093 2891 erat.

112 2924 206 2991 atque
220 2917 250 2976 iu
265 2931 303 2976 ea
317 2916 480 2978 simulacra
496 2932 667 2991 pugnarum
681 2916 770 2991 plote.

87 3038 90 3047 ,
195 3000 323 3060 Munera
334 3001 536 3075 gladiatorum
547 3015 584 3060 eo
597 3014 678 3059 anno
689 2996 816 3073 aliquot
833 3012 928 3073 parva
940 2998 999 3058 alia
1010 2997 1096 3059 datar

112 3101 205 3145 uuum
227 3090 296 3145 ante
318 3090 421 3144 cetero
440 3083 561 3158 insigne
582 3082 639 3143 luit
650 3082 682 3141 T.
698 3078 871 3155 Flaminini,
893 3082 976 3156 quod
991 3082 1096 3143 mortis

111 3183 207 3227 causa
219 3168 313 3242 patris
326 3166 375 3228 sui
387 3164 666 3228 cumvisccratione
673 3167 828 3241 epuloque
836 3171 866 3225 et
876 3164 956 3226 ludis
964 3164 1096 3226 scenicis

113 3252 317 3327 quadriduum
338 3251 431 3313 dedit.
460 3251 562 3326 magni
577 3258 677 3310 tamen
692 3247 828 3309 muneris
843 3263 881 3308 ea
896 3264 1015 3309 summa
1030 3247 1095 3319 luit,

111 3342 144 3395 ut
158 3351 215 3411 por
230 3334 361 3396 triduum
374 3342 518 3412 quattuor
528 3342 557 3395 et
569 3333 761 3409 septuaginta
771 3331 910 3393 homines
922 3330 1094 3407 pugnarint.

494 3525 703 3535 ...-...-....--

159 3603 182 3644 r.
199 3603 258 3646 unu
273 3601 349 3646 runs
365 3589 392 3644 V
871 3591 887 3642 9
