2642 4017
300 282 416 344 LlBttR
429 283 491 343 xt.
515 283 599 344 cnr.
614 293 658 346 ao.
673 293 718 348 m.
739 285 777 364 [a.
793 292 825 345 c.
841 289 903 366 ret]
1049 286 1089 355 71

105 435 353 514 compositisque
371 435 413 496 ibi
434 436 527 497 rebus
550 451 620 497 cum
641 437 779 499 adsensu
797 446 918 515 patrum
934 455 1089 517 exposue-

102 527 185 581 runt
210 526 242 581 et
254 535 274 579 a
286 517 429 596 Philippo
444 534 518 596 rege
530 519 733 582 Macedonum
748 523 811 583 duo
825 524 916 600 legati
930 533 1089 603 venerunt,

100 603 256 666 Philocles
266 604 771 682 othpellesmullasuperre,quac
782 608 917 683 petenda
927 608 966 668 ab
978 615 1089 672 senatu

102 695 203 762 esset,
224 687 416 764 speculatum
435 687 533 763 magis
547 687 787 767 inquisitumque
801 689 889 752 missi
904 692 944 752 de
958 692 995 753 ils
1011 708 1088 768 quo-

101 788 170 832 rum
184 770 318 832 Perseus
331 770 516 832 Demetrium
529 771 739 835 insimulasset
751 790 927 836 sermonum
943 792 1011 837 cum
1025 778 1087 840 Ro·

102 855 219 930 manis,
244 855 377 915 maxime
402 871 471 916 cum
488 854 521 914 Τ.
543 854 697 931 Quinctio,
723 859 874 921 adversus
899 859 1023 921 tratrem
1048 862 1088 922 de

102 955 200 1014 regno
214 938 396 1000 habitorum.
417 938 476 999 hos
490 945 646 1015 tamquam
659 942 779 1003 medios
793 942 894 1004 necin
906 944 1031 1005 alterius
1043 946 1088 1006 la·

103 1039 211 1084 vorem
230 1021 393 1083 inclinatos
412 1020 537 1083 miserat
556 1038 628 1083 rexz
656 1030 742 1086 erant
762 1033 863 1088 autem
881 1034 913 1089 et
931 1026 962 1088 bi
981 1027 1088 1091 Persei
1146 1046 1153 1063 ·

104 1107 221 1167 lraudis
237 1106 268 1165 in
283 1108 406 1167 tratrem
419 1105 548 1166 ministri
562 1115 594 1168 et
606 1108 782 1186 participes.

188 1188 360 1252 Demetrius
392 1191 526 1251 omnium
555 1199 771 1269 praeterquam
802 1195 942 1256 heterna
968 1198 1088 1259 scelere

105 1242 191 1351 qnod
210 1290 311 1350 nuper
329 1281 475 1350 eruperat
495 1274 620 1350 ignarus
641 1277 740 1352 primo
762 1293 864 1354 neque
878 1294 1020 1356 magnam
1034 1296 1087 1342 ne

104 1374 165 1434 que
180 1359 294 1418 nubam
309 1373 396 1433 spem
411 1357 545 1419 babebat
563 1367 679 1434 patrem
695 1361 753 1422 sibi
767 1361 883 1437 placari
898 1379 1011 1439 possc;
1032 1365 1087 1424 ml·

102 1459 163 1503 nus
188 1442 301 1502 deinde
325 1441 355 1501 in
376 1441 443 1502 dies
463 1442 560 1517 patris
583 1443 685 1506 animo
705 1444 835 1520 fidebat,
861 1461 931 1507 cum
951 1446 1088 1508 obsideri

103 1541 196 1587 aures
211 1541 230 1586 a
244 1525 337 1586 iratre
352 1532 499 1586 cameret
521 1526 624 1602 itaque
636 1528 889 1605 circumspiciens
900 1530 983 1591 dicta
992 1531 1086 1591 lactu·

104 1625 166 1685 que
180 1625 252 1678 sua,
275 1625 315 1669 ne
329 1609 417 1671 cuius
431 1610 628 1687 suspiciones
642 1618 783 1687 augeret,
804 1612 937 1674 maxime
950 1613 990 1675 ab
1004 1614 1085 1675 omni

101 1693 257 1755 mentione
272 1699 302 1753 et
316 1692 498 1770 contagione
510 1695 719 1756 Romanorum
734 1695 918 1771 abstinebat,
938 1705 972 1759 ut
985 1713 1087 1775 neque

103 1777 197 1838 scribi
211 1777 270 1838 sibi
284 1778 384 1851 vellet,
401 1776 547 1854 quiahoc
561 1779 728 1854 praecipue
740 1779 898 1842 criminum
908 1797 1021 1857 genere
1033 1797 1086 1842 ex·

103 1860 242 1936 asperari
257 1860 389 1923 animum
403 1861 562 1925 sentiebat
588 1862 668 1922 XXI.
688 1861 855 1939 Philippus,
872 1865 962 1927 simul
973 1881 1013 1926 ne
1024 1864 1086 1926 otio

105 1945 193 2005 miles
215 1945 350 2006 deterior
363 1946 465 2020 fleret,
486 1946 575 2007 simul
590 1947 776 2007 avertendae
790 1947 976 2024 suspicionis
991 1964 1085 2009 cause

104 2027 269 2105 quicquam
283 2045 302 2089 a
316 2044 351 2089 se
372 2029 478 2106 agitari
492 2030 533 2091 de
546 2030 685 2092 Romano
699 2031 790 2106 bello,
806 2029 920 2093 Stobos
934 2031 1086 2093 Paeoniae

103 2111 242 2174 exercitu
256 2112 369 2174 indicto
385 2113 415 2172 in
429 2113 600 2174 Maedicam
614 2114 730 2176 ducere
744 2116 853 2191 pergit
887 2114 1001 2192 cupido
1017 2130 1086 2176 eum

104 2205 230 2272 ceperat
246 2196 275 2256 in
291 2195 435 2258 verticem
449 2196 557 2258 Haemi
576 2198 689 2259 montis
708 2199 909 2271 ascendendi,
933 2198 1005 2275 quia
1020 2200 1086 2260 vul·

103 2287 194 2356 gatae
215 2279 352 2357 opinioni
373 2280 547 2342 crediderat
564 2281 723 2342 Ponticum
743 2282 834 2342 simul
855 2289 886 2343 et
897 2283 1087 2345 Adriaticum

102 2380 188 2425 mare
209 2372 240 2427 et
257 2365 393 2426 Histrum
414 2380 533 2426 amnem
555 2372 586 2426 et
598 2366 697 2441 Alpes
718 2366 856 2441 conspici
874 2381 985 2442 possea
1014 2367 1086 2428 sub

102 2447 183 2510 iccta
203 2449 302 2509 oculis
317 2463 354 2509 aa
368 2448 451 2509 haud
466 2449 554 2524 parvi
569 2448 628 2509 sibi
642 2449 787 2510 momenti
802 2451 904 2511 hrtura
917 2450 958 2510 ad
973 2449 1087 2525 cogita-

103 2532 216 2593 tionem
236 2532 367 2594 Romani
391 2532 472 2593 belli.
507 2539 724 2608 percunctatus
748 2532 884 2609 regionis
910 2533 1026 2610 peritos
1048 2533 1088 2595 de

101 2631 237 2677 ascensu
247 2615 364 2691 Haemi,
380 2632 449 2678 cum
462 2617 538 2678 satis
553 2617 632 2678 inter
645 2633 753 2678 omnes
768 2625 923 2680 constaret
935 2619 1018 2679 viam
1032 2633 1086 2678 ex·

102 2701 210 2761 ercitui
229 2701 343 2761 nudam
357 2715 444 2775 esse,
467 2701 574 2776 paucis
595 2707 627 2761 et
645 2702 797 2778 expeditis
819 2702 1086 2778 perdifficillimum

101 2785 227 2858 aditum,
242 2792 276 2846 ut
289 2799 432 2846 sermone
446 2784 585 2844 familiari
599 2786 749 2846 minorem
762 2785 857 2846 lilium
873 2789 1086 2862 permulceret,

102 2883 194 2943 quern
210 2873 357 2930 statuerat
370 2884 433 2930 non
449 2868 564 2929 ducere
578 2884 693 2943 secum,
709 2867 840 2944 primum
855 2870 974 2944 quaerit
987 2869 1086 2945 abeo,

102 2968 171 3012 curu
185 2957 270 3013 tanta
283 2952 449 3014 difficultas
464 2951 582 3013 itineris
596 2959 802 3028 proponatur,
823 2960 924 3014 utrum
939 2968 1085 3029 perseve-

100 3036 234 3096 randum
254 3036 294 3098 sit
313 3037 343 3096 in
356 3036 487 3115 ⁴incepto
509 3053 548 3096 an
563 3036 787 3097 abstinendum.
820 3035 846 3097 si
861 3043 969 3113 pergat
981 3044 1085 3098 tamen

100 3120 163 3195 ire,
177 3134 241 3179 non
254 3135 350 3195 posse
365 3119 506 3182 oblivisci
520 3135 556 3181 se
569 3120 599 3179 in
613 3119 725 3181 talibus
739 3120 834 3181 rebus
847 3119 1010 3196 Antigoni,
1032 3119 1086 3197 qui

101 3217 200 3264 saeva
213 3209 395 3281 tempestate
405 3204 544 3278 iactatus,
560 3220 629 3265 cum
639 3203 671 3264 in
682 3204 789 3265 eadem
801 3221 882 3266 nave
893 3220 999 3266 secum
1010 3221 1087 3266 suos

101 3303 212 3348 omnes
226 3287 401 3363 habuisset,
419 3288 618 3365 praecepisse
632 3288 737 3349 liberis
753 3288 920 3363 diceretur,
935 3295 969 3349 ut
982 3296 1013 3350 et
1027 3288 1087 3363 ipsi

99 3369 315 3434 meminissent
335 3379 367 3434 et
384 3374 428 3435 ita
446 3373 580 3450 posteris
601 3374 781 3450 proderent,
801 3389 841 3435 ne
857 3372 926 3450 quis
942 3388 1011 3432 cum
1024 3377 1089 3431 tota

100 3461 194 3530 gente
209 3456 299 3518 simul
313 3456 344 3517 in
358 3458 453 3518 rebus
469 3457 570 3518 dubiis
585 3458 749 3533 pericHtari
764 3456 898 3518 auderet
922 3467 1088 3513 memorem

101 3551 178 3615 ergo
201 3555 237 3600 se
259 3540 416 3618 praecepti
440 3540 507 3602 eius
529 3541 608 3602 duos
623 3542 713 3602 simul
734 3542 815 3602 filios
830 3557 893 3601 non
909 3535 1089 3599 commissu-
