2642 4017
301 269 416 330 LIBER
430 270 490 330 XL.
515 271 597 331 cap.
614 279 655 335 ra
670 282 713 333 ιι.
737 280 773 348 [ι.
786 280 818 334 c.
833 279 893 355 lea]
1046 279 1088 343 65

103 419 173 483 naci
196 421 360 481 certamine
380 427 411 482 et
426 436 581 483 concursu
595 422 705 483 iratum
719 431 749 484 te
765 426 903 501 efficere,
924 437 957 489 ut
971 432 1087 507 merito,

102 506 185 567 sicut
202 504 316 579 fecisti,
338 504 482 565 invitatus
503 506 544 565 ad
565 522 673 566 cenam
693 507 867 569 abnuerest
895 526 963 571 cum
985 520 1087 576 autem

101 588 198 651 uatus
221 603 387 663 negasses,
409 594 509 649 utrum
528 596 563 650 ut
581 592 735 665 placarem
750 599 781 654 te
795 592 898 653 danda
911 610 1008 670 opera
1023 598 1086 674 fuit

100 681 134 733 ut
147 672 238 732 aliam
253 686 433 747 quaererem
448 673 652 749 occasionem,
669 674 813 750 quoniam
827 678 923 737 semel
936 695 1087 741 vencnum

100 770 292 832 paraveram,
308 772 347 814 an
362 755 400 815 ab
412 755 463 816 illo
476 755 605 818 consilio
617 759 701 817 velut
710 759 940 822 transiliendum
951 764 989 823 ad
1001 765 1086 826 aliud

102 838 167 912 fuit,
183 846 217 899 ut
230 840 310 899 ferro
326 845 364 911 te,
380 841 548 915 etquidem
564 856 601 901 eo
616 842 676 915 die,
689 857 745 918 per
760 846 897 917 speciem
912 846 1085 910 comisatlo

101 924 150 983 nis
166 923 362 983 occiderem?
383 939 444 998 quo
460 924 571 985 deinde
585 925 693 1000 modo,
716 927 742 986 si
756 934 786 987 te
800 937 882 989 metu
896 929 1002 991 mortis
1018 948 1085 993 cre·

102 1007 213 1068 debant
229 1022 337 1066 cenam
352 1007 488 1068 evitasse
502 1023 617 1082 meam,
635 1025 698 1070 non
715 1009 754 1068 ab
770 1011 878 1072 eodem
894 1022 976 1074 metu
991 1014 1084 1076 corni·

101 1090 252 1152 sationem
267 1105 393 1165 quoque
407 1092 587 1152 evitaturum
601 1092 833 1154 existimabam?
858 1096 937 1156 XIV.
960 1114 1021 1159 non
1037 1107 1085 1162 est

100 1190 162 1248 res,
178 1190 241 1249 qua
254 1161 444 1248 erubescam,
460 1181 556 1251 pater,
571 1174 599 1235 si
612 1176 662 1236 die
678 1176 756 1239 festo
771 1179 849 1239 inter
863 1183 1009 1256 aequales
1025 1185 1083 1243 lar·

100 1259 188 1333 glore
200 1258 273 1319 vino
288 1274 357 1318 sum
371 1274 456 1319 usus.
485 1267 518 1319 tu
534 1275 659 1335 quoque
671 1261 763 1321 velim
777 1261 930 1339 inquiras,
946 1282 1007 1341 qua
1022 1269 1083 1327 lae·

101 1342 179 1415 titia,
197 1357 259 1416 quo
273 1344 344 1402 lusu
359 1343 442 1418 apud
456 1358 504 1403 me
519 1343 703 1405 celebratum
718 1344 895 1408 hesternum
910 1348 1083 1409 convivium

100 1425 148 1500 sit,
161 1426 213 1485 illo
226 1425 364 1485 etiam—
372 1442 467 1501 pravo
479 1427 774 1503 forsitan-gaudio
786 1429 986 1506 provehente,
999 1432 1083 1507 quod

98 1510 131 1569 in
152 1509 286 1571 iuvenali
310 1526 461 1571 armorum
483 1511 647 1571 certamine
668 1528 741 1586 pars
762 1520 869 1574 nostra
883 1530 945 1573 non
959 1516 1083 1576 inferior

99 1594 208 1653 iuerat.
229 1592 354 1653 miseria
365 1593 441 1654 llaec
451 1600 482 1654 et
492 1601 589 1654 metus
603 1596 758 1670 crapulam
771 1597 858 1656 facile
870 1607 1082 1675 exclamarunt,

100 1679 223 1752 quaesi
237 1692 299 1737 non
314 1678 563 1751 intervenissent,
579 1677 775 1739 insidiatores
790 1695 847 1741 nos
862 1681 955 1756 sopiti
968 1683 1082 1743 iacere

98 1776 178 1820 mus.
195 1759 223 1821 si
234 1761 358 1821 domum
370 1767 451 1822 tuam
464 1770 706 1837 expugnaturus,
720 1770 809 1837 capta
822 1764 913 1826 domo
926 1766 1081 1828 dominum

98 1845 315 1905 interfecturus
330 1861 422 1918 eram,
438 1862 499 1905 non
518 1853 739 1919 temperassem
754 1846 825 1907 vino
839 1848 870 1907 in
883 1865 976 1909 unum
992 1852 1081 1926 diem,

98 1945 162 1990 non
176 1928 287 1989 milites
302 1927 520 1990 abstinuissem
530 1935 639 1989 meos?
659 1935 691 1989 et
703 1944 743 1988 ne
756 1945 814 2004 ego
829 1946 878 1991 mc
892 1933 979 1993 solus
990 1933 1079 1993 nimie

99 2012 292 2087 simplicitate
307 2020 402 2089 tuear,
419 2014 488 2088 ipse
503 2028 628 2089 quoque
642 2012 764 2074 minime
776 2015 874 2074 malus
884 2030 921 2076 ac
932 2018 1081 2091 suspicax

98 2096 192 2156 frater
212 2096 306 2170 „nihil
328 2096 412 2156 aliud
433 2097 534 2171 scio,“
555 2095 654 2172 inquit
674 2096 766 2171 „nihil
787 2114 898 2173 arguo,
919 2098 978 2159 nisi
997 2101 1081 2176 quod

100 2195 169 2239 cum
196 2181 277 2240 ferro
304 2180 483 2241 comisatum
507 2185 687 2241 venerunt.“
723 2182 750 2241 si
776 2198 920 2257 quaeram
947 2184 1028 2244 unde
1050 2183 1080 2244 id

97 2265 199 2339 ipsum
221 2263 318 2337 scias,
341 2279 470 2324 neccsse
491 2261 547 2323 erit
559 2271 590 2323 te
604 2263 692 2324 fateri
707 2271 760 2325 aut
773 2269 1000 2339 speculatorum
1014 2273 1082 2330 tuo·

97 2364 165 2408 rum
180 2349 303 2422 plenam
316 2347 440 2408 domum
455 2348 552 2407 fuisse
563 2363 670 2421 meam,
686 2354 738 2409 aut
747 2348 817 2408 illos
829 2349 870 2408 ita
881 2358 986 2424 aperte
999 2367 1081 2411 sum·

97 2432 203 2508 psisse
226 2432 351 2502 ferrum,
373 2438 408 2491 ut
428 2446 534 2493 omues
555 2432 703 2492 viderent.
737 2437 767 2491 et
786 2447 824 2492 ne
846 2433 920 2508 quid
940 2434 1009 2508 ipse
1029 2440 1083 2495 aut

97 2516 185 2591 prius
206 2514 373 2591 inquisisse
394 2522 446 2577 aut
465 2530 546 2574 nunc
567 2514 730 2576 criminose
745 2517 948 2590 argumentari
961 2517 1082 2578 videra-

96 2607 155 2673 tur,
169 2605 200 2660 te
215 2614 363 2675 quaerere
373 2614 414 2658 cx
425 2599 464 2659 iis
476 2616 555 2673 quos
568 2599 758 2659 nominasset
768 2600 901 2676 iubebat,
916 2617 954 2660 an
967 2602 1080 2662 ferrum

96 2683 293 2753 habuissent,
314 2688 349 2742 ιιι
367 2690 522 2758 tamquam
542 2683 572 2742 in
592 2699 627 2743 re
641 2682 750 2756 dubia,
771 2700 842 2743 cum
855 2684 886 2744 id
902 2687 1079 2760 quaesisses

98 2767 184 2841 quod
199 2766 259 2843 ipsi
274 2767 413 2840 latentur,
428 2783 486 2842 pro
498 2766 646 2827 convictis
657 2765 851 2827 haberemur.
876 2767 948 2843 quin
961 2776 993 2829 tu
1006 2769 1081 2830 illud

62 2919 65 2930 ¹
98 2850 206 2926 quaeri
221 2850 319 2922 iubes,
336 2867 409 2910 num
423 2850 466 2910 tui
481 2850 642 2910 occidendi
653 2865 748 2909 causa
760 2851 872 2910 ferrum
885 2852 1081 2928 sumpserint,

96 2947 170 2995 aum
195 2949 245 2994 me
265 2941 392 2995 auctore
412 2940 443 2993 et
462 2934 600 2995 sciente?
626 2933 687 2993 hoc
708 2932 789 2993 enim
807 2934 906 2993 videri
926 2933 989 3008 vis,
1018 2951 1080 2997 non

95 3017 173 3079 illud
196 3019 281 3094 quod
301 3019 433 3079 fatentur
454 3025 485 3078 et
504 3018 604 3092 palam
624 3025 682 3077 est.
710 3024 740 3076 et
754 3017 802 3076 sui
816 3033 852 3077 sc
866 3018 969 3079 tuendi
985 3034 1081 3080 causa

97 3102 273 3177 sumpsisse
298 3102 412 3162 dicunt.
445 3107 528 3161 reete
548 3117 586 3160 an
605 3114 768 3176 perperam
788 3100 929 3175 fecerint,
951 3102 1012 3178 ipsi
1033 3102 1081 3164 sui

96 3184 334 3247 factitationem
347 3185 491 3246 reddent=
511 3201 609 3246 meam
624 3200 758 3258 causam,
776 3200 855 3261 quac
866 3185 939 3247 nihil
950 3202 988 3247 eo
1001 3188 1081 3248 lacto

97 3269 300 3346 contingitur,
320 3287 360 3329 ne
380 3268 551 3331 miscueris.
580 3276 632 3330 aut
651 3270 786 3344 explica,
809 3276 909 3331 utrum
922 3278 1027 3346 aperte
1041 3287 1080 3331 an

97 3354 177 3413 clam
198 3362 229 3414 te
250 3353 428 3429 aggressuri
450 3353 604 3413 fuerimus.
638 3354 666 3413 si
681 3361 800 3430 aperte,
823 3370 877 3415 cur
896 3372 959 3416 non
974 3369 1080 3414 omnes

98 3437 212 3499 ferrum
232 3438 417 3498 habuimus?
443 3453 499 3497 eur
518 3454 607 3498 nemo
630 3445 753 3514 praeter
768 3454 823 3498 eos
840 3439 892 3514 qui
907 3445 994 3498 tuum
1009 3451 1079 3511 spe·

98 3523 268 3583 culatorem
289 3522 510 3595 pulsaverunt?
532 3520 559 3581 si
580 3524 672 3593 clam,
696 3522 766 3597 quis
779 3523 855 3582 ordo
871 3518 990 3582 consilli
1005 3517 1080 3579 fuitt

141 3621 168 3664 r.
184 3621 246 3663 n1v1
260 3621 337 3664 unas
352 3606 388 3662 V·
854 3614 871 3665 a
