2642 4017
529 297 737 349 nasciturus.
1090 319 1122 364 ,χ

143 450 209 501 datis
232 452 392 515 praeceptis,
417 448 509 510 quibus
527 448 660 497 itineribus
679 447 783 499 duceret
799 448 833 497 ad
850 448 1022 501 delendendas
1038 453 1122 502 socias

142 520 226 579 urbes,
245 532 308 581 quas
319 517 456 583 Pompeius
473 524 640 582 oppugnaret,
658 516 801 579 quibusque
819 516 903 582 ipsum
916 533 1007 583 agmen
1017 521 1122 587 Pompei

142 604 174 638 ex
193 587 295 637 insidiis
312 586 501 652 adgrederetur.

193 656 289 705 Eodem
310 661 423 720 tempore
445 660 469 703 et
487 654 521 705 ad
538 653 747 711 Herennuleium,
770 654 814 716 qui
833 654 858 702 in
876 654 958 704 isdem
980 654 1044 705 loeis
1061 667 1122 718 erat,

142 724 238 774 litteras
255 724 338 784 misit,
362 731 387 773 et
404 724 429 772 in
447 722 550 773 alteram
568 724 724 789 provinciam
743 722 776 772 ad
794 723 823 776 L.
841 721 1007 784 Hirtuleium,
1026 728 1122 789 praeei-

141 794 223 858 piens,
242 806 316 855 quern
336 793 369 843 ad
386 792 490 842 modum
508 792 603 843 bellum
619 792 790 843 administrari
810 791 896 845 vellet:
915 800 973 842 ante
985 793 1077 858 omnia,
1096 804 1124 843 ut

141 862 177 911 ita
195 862 278 911 socias
297 861 412 911 civitates
428 869 549 923 tueretur,
569 876 601 911 ne
612 862 667 911 acie
681 875 738 912 cum
750 860 852 912 Metello
865 862 1004 922 dimicaret,
1022 864 1064 912 cui
1076 877 1122 913 nee

142 931 292 980 anctoritate
315 945 362 981 nec
383 931 480 981 viribus
500 945 548 995 par
565 938 640 981 esset.
675 945 708 981 nc
726 931 777 996 ipsi
795 932 897 994 quidem
913 931 1048 981 consilium
1066 946 1123 981 esse

142 999 233 1049 ducere
250 1000 378 1049 adversus
388 1000 551 1064 Pompeium:
570 1014 652 1063 neque
670 1000 697 1049 in
713 1001 793 1049 aciem
805 1000 986 1051 descensumm
998 1015 1056 1051 eum
1068 1016 1123 1051 cre·

142 1068 228 1118 debat.
259 1070 282 1117 si
298 1066 435 1119 traheretur
452 1067 558 1135 bellum,
575 1068 643 1119 hosti
661 1085 720 1122 cum
738 1083 808 1120 mare
823 1071 854 1120 ab
867 1076 948 1135 tergo,
965 1071 1121 1135 provincias·

141 1152 190 1200 que
208 1152 296 1187 ornnes
309 1138 334 1187 ia
347 1144 472 1202 potestate
484 1138 597 1203 haberet,
616 1138 724 1189 navibus
736 1138 849 1201 undique
861 1147 1016 1189 commestus
1034 1147 1123 1189 ventu·

141 1219 197 1256 ros:
214 1206 264 1271 ipsi
276 1215 369 1268 antem,
387 1209 544 1274 consumptis
555 1208 642 1272 priore
652 1214 750 1257 aestate
762 1222 826 1270 quae
839 1216 991 1273 praeparata
1005 1208 1121 1268 luissent,

141 1275 253 1325 omnium
275 1291 359 1326 rernm
381 1277 494 1342 inopiam
517 1276 580 1328 lore.
612 1275 765 1341 Perpernam
782 1277 807 1326 in
825 1278 976 1327 maritimam
992 1278 1121 1343 regionem

140 1344 339 1410 superpositum,
355 1351 384 1394 ut
394 1359 433 1410 ea,
451 1361 517 1407 quae
529 1346 627 1409 integre
640 1339 725 1395 adbuc
735 1345 767 1394 ab
783 1344 856 1395 hoste
868 1347 927 1408 siat,
948 1345 1012 1395 tueri
1025 1356 1121 1410 posset,

141 1420 177 1472 et,
195 1414 219 1462 si
237 1427 287 1476 qua
305 1414 403 1463 occasio
420 1414 507 1473 detur,
529 1414 645 1464 incautos
668 1427 715 1478 per
732 1420 833 1478 tempus
849 1414 1039 1478 adgressurum.
1067 1415 1122 1478 ipse

141 1495 199 1531 cum
216 1495 263 1530 suo
282 1481 394 1530 exercitu
412 1482 438 1530 in
450 1482 561 1531 Berones
580 1489 605 1531 et
617 1483 766 1531 Autricones
782 1481 902 1546 progredi
920 1482 1020 1540 statuit;
1040 1484 1122 1544 aqui-

142 1551 188 1599 bus
204 1563 282 1614 saepe
300 1565 346 1614 per
361 1548 479 1610 hiemem,
498 1564 555 1599 cnm
570 1550 600 1599 ab
618 1565 646 1599 se
658 1558 867 1615 oppugnarentur
878 1548 1022 1600 Celtiberae
1038 1550 1122 1608 urbes,

141 1617 302 1682 imploratam
326 1631 383 1667 esse
402 1632 476 1682 opem
494 1619 598 1683 Pompei
616 1627 786 1683 compererat,
809 1618 952 1681 missosque
972 1619 1016 1681 qui
1033 1618 1123 1667 itinera

141 1687 261 1737 exercitui
274 1686 388 1736 Romano
406 1693 584 1746 monstrarent;
604 1694 629 1736 et
647 1688 760 1752 ipsorum
775 1688 904 1750 equitibus
923 1695 1028 1737 vexatos
1046 1701 1123 1752 saepe

142 1755 236 1805 milites
259 1770 335 1816 suos,
362 1770 521 1819 quocumque
538 1770 553 1805 a
571 1756 660 1806 castris
679 1770 725 1820 per
741 1758 954 1823 oppugnationem
974 1754 1123 1807 Contrebiae

141 1823 280 1890 pabulandi
296 1832 339 1874 aut
361 1824 532 1876 frumentandi
552 1839 629 1875 eausa
648 1826 875 1889 progrederemur.
913 1827 969 1875 ausi
988 1832 1042 1875 tum
1060 1840 1122 1889 quo·

142 1909 190 1957 que
206 1901 281 1943 eram
297 1895 426 1944 hevaeos
444 1895 469 1943 in
482 1901 570 1957 partes
585 1894 731 1944 sollicitare.
762 1895 829 1945 edito
844 1897 921 1961 igitur
938 1896 1052 1958 eucarpio
1063 1893 1121 1944 belli

141 1961 277 2013 eonsilium
288 1976 317 2012 se
330 1962 461 2029 initurum,
470 1971 554 2012 utrum
567 1963 639 2029 priua
651 1962 760 2022 hostem,
771 1969 853 2013 utram
865 1964 1023 2029 provinciam
1037 1971 1119 2026 petat:

142 2031 329 2081 maritimamne
338 2046 418 2096 oram,
435 2040 463 2081 ut
471 2030 620 2096 Pompeium
630 2032 662 2081 ab
673 2032 813 2083 Ilercaonia
822 2041 846 2082 et
856 2032 1019 2082 Contestania
1028 2040 1122 2096 arceat,

141 2109 247 2162 utraque
266 2101 335 2150 socia
352 2109 437 2166 gente,
456 2115 488 2149 an
505 2101 538 2149 ad
556 2099 686 2151 Metellum
705 2108 729 2151 et
746 2101 904 2150 Lusitaniam
922 2114 951 2151 ss
967 2108 1105 2151 convertat.

191 2170 259 2220 Haeo
275 2184 362 2219 secum
379 2169 480 2235 agitans
498 2166 623 2219 Sertorius
641 2179 742 2234 praeter
758 2169 878 2218 Hiberum
897 2183 997 2219 amnem
1015 2183 1061 2234 per
1077 2181 1122 2232 pa-

140 2247 211 2287 catos
230 2253 306 2303 egros
325 2238 439 2302 quietum
457 2238 594 2288 exercitum
613 2241 670 2288 sine
691 2236 770 2288 ullius
787 2252 856 2288 noxa
873 2238 954 2289 duxit.
992 2236 1122 2303 proiectus

141 2307 200 2357 rude
216 2308 240 2356 in
255 2306 414 2357 Bursaonum
432 2314 457 2356 et
468 2305 674 2357 Cascantinorum
687 2315 712 2356 et
724 2305 959 2358 Graccuritanorum
974 2306 1045 2365 flues,
1064 2319 1122 2355 eva-

140 2376 213 2426 statis
236 2377 354 2425 omnibus
376 2374 579 2441 proculcatisque
602 2376 746 2441 segetibus,
773 2376 807 2426 ad
825 2374 971 2441 calagurim
993 2373 1121 2432 Nasicam,

139 2446 268 2496 sociorum
285 2446 374 2495 urbem
383 2481 391 2506 ,
410 2445 493 2503 venit3
519 2452 743 2510 transgressusque
761 2459 861 2495 amnem
877 2445 1048 2510 propinquum
1065 2444 1122 2493 urbi

139 2522 217 2579 ponte
238 2514 307 2564 iacto
329 2522 414 2564 castra
429 2514 525 2579 posuit.
556 2522 659 2580 postero
678 2514 720 2564 die
738 2515 772 2564 M.
791 2513 899 2564 Marium
918 2522 1079 2576 quaestorem
1096 2513 1121 2560 iu

139 2587 268 2634 Arevacos
285 2591 310 2632 et
322 2581 478 2634 Cerindones
496 2583 567 2633 misit
582 2584 615 2633 ad
631 2583 828 2633 conscribendos
845 2598 878 2632 ex
896 2583 929 2631 iis
941 2582 1061 2649 gentibus
1074 2583 1120 2629 mi·

139 2651 205 2710 lites,
217 2650 423 2715 frumentumque
433 2652 493 2702 inde
502 2652 673 2713 Contrebiam,
684 2668 749 2717 quae
757 2651 879 2703 Leucada
889 2650 1040 2717 appellatur,
1052 2665 1120 2699 com·

139 2719 301 2786 portandum,
309 2730 495 2784 praeterquam
504 2722 592 2770 urbem
602 2721 835 2786 opportunissimus
845 2736 878 2771 ex
883 2720 1023 2770 Beronibus
1032 2720 1121 2769 trausi-

139 2796 180 2836 tus
192 2794 254 2851 erat,
270 2788 296 2836 in
307 2802 493 2850 quamcumque
503 2790 633 2853 regionem
643 2789 735 2838 ducere
748 2791 885 2839 exereitum
894 2790 1037 2839 statuisset:
1055 2795 1080 2838 et
1092 2786 1119 2838 C.

138 2856 269 2915 Insteium,
278 2855 435 2919 praelectum
447 2857 569 2919 equitum,
580 2856 716 2922 Segouiam
726 2865 750 2907 et
758 2858 785 2906 iu
794 2858 966 2907 Vaccaeorum
976 2864 1077 2923 gentem
1088 2857 1120 2905 ad

139 2924 253 2987 equitum
269 2925 479 2985 conquisitionem
488 2926 566 2985 misit,
580 2926 679 2975 iussum
696 2940 754 2974 cum
768 2926 898 2988 equitibus
909 2924 1056 2976 Contrebiae
1064 2939 1120 2975 sese

139 2993 261 3058 opperiri.
282 2993 393 3042 dimissis
405 2993 437 3042 iis
454 2993 511 3059 ipse
525 2992 664 3059 proiectus,
681 3009 727 3058 per
735 2995 879 3044 Vasconum
889 3008 979 3059 agrum
991 2995 1066 3045 ducto
1076 3009 1120 3043 ex-

139 3062 227 3127 ercitu,
244 3063 270 3111 in
280 3061 388 3111 confinio
398 3062 522 3111 Beronum
539 3063 624 3126 posuit
634 3070 727 3112 castra.
750 3072 853 3128 postero
868 3063 909 3113 die
924 3078 980 3113 cum
994 3065 1120 3127 equitibus

137 3144 304 3196 praegressus
322 3130 355 3180 ad
373 3131 463 3181 itinera
475 3130 638 3194 exploranda,
651 3131 721 3181 iusso
732 3132 818 3196 pedite
830 3132 951 3196 quadrato
966 3133 1068 3198 agmine
1080 3147 1120 3181 se·

137 3199 190 3263 qui,
208 3200 242 3249 ad
256 3200 392 3260 Vareiam,
413 3200 598 3252 validissimam
620 3200 732 3265 regionis
751 3202 805 3250 eius
823 3202 925 3261 urbem,
946 3203 1024 3252 venit.
1052 3199 1121 3249 haud

137 3269 327 3332 inopinantibus
344 3270 376 3319 iis
394 3278 470 3320 noctu
488 3269 632 3319 advenerat.
651 3268 769 3332 Undique
787 3271 914 3332 equitibus
925 3275 950 3319 et
967 3269 1120 3333 suaegentis

136 3345 161 3386 et
178 3339 346 3388 Autricomua.
378 3340 418 3388 De
435 3338 481 3389 hcc
494 3340 650 3403 fragmento,
669 3338 736 3402 qrtod
748 3340 852 3402 primeca
870 3355 888 3389 c
904 3340 1016 3389 Brunsio
1034 3343 1059 3386 et
1075 3334 1121 3385 Irt-

136 3408 247 3464 oenatio,
271 3407 361 3458 dende
378 3423 395 3456 a
414 3406 550 3458 Niebukrr'o
574 3421 609 3456 ee
627 3407 712 3457 codice
732 3409 856 3458 Vaticano
879 3408 969 3457 editum
987 3421 1043 3455 ecee
1061 3419 1119 3453 con-

132 3476 261 3593 σεαίέῖυίά.
281 3475 427 3542 Kreyssigii
438 3475 479 3525 ed.
497 3476 565 3525 Livii
586 3474 644 3525 Yam
668 3475 691 3524 I.
705 3489 732 3538 p.
750 3476 853 3528 LXVI.
872 3491 926 3540 sqq.
946 3481 971 3523 et
987 3472 1053 3523 Tem.
1065 3472 1119 3525 IV.

130 3555 161 3602 p.
214 3558 239 3594 o.
258 3558 313 3609 sqq.
