2642 4017
263 267 325 330 122
431 265 547 326 LIBER
560 263 636 324 XLI.
659 263 742 324 CAP.
756 272 801 325 21.
813 272 857 325 tl.
879 272 915 338 [a.
926 270 962 326 U.
975 286 999 328 c.
1014 269 1077 338 578]

938 367 946 400 r

258 420 354 480 boum
368 417 588 491 hominumque
601 414 766 475 vulturium
779 430 912 489 usquam
924 415 1034 474 visum.
1066 414 1245 478 sacerdotes

260 501 374 580 publici
384 517 422 561 ea
432 498 605 576 pestilentia
612 497 725 559 mortui
736 504 808 559 sunt
819 496 1028 558 GuServilius
1043 496 1156 573 caepio
1168 514 1246 573 pon·
1317 526 1318 573 ff

259 586 351 659 tifex,
371 591 459 659 pater
478 582 644 658 praetoris,
668 589 699 641 et
716 581 759 640 Ti.
781 580 981 658 Sempronius
1001 580 1044 641 Ti.
1065 582 1099 642 F.
1120 582 1245 658 Longus

259 668 414 729 decemvir
425 682 595 741 sacrorum,
610 672 641 726 et
652 665 686 725 P.
697 663 805 726 Aelius
816 664 926 727 Paetus
937 680 1047 741 augur,
1064 671 1094 725 et
1103 665 1146 725 Ti.
1160 665 1245 726 Sem·

259 752 388 828 pronius
403 750 575 824 Gracchus,
589 755 622 810 et
635 749 668 810 C.
683 749 803 810 Atellus
816 747 969 809 Mamilius
981 749 1069 810 orario
1083 749 1245 825 maximus,

260 843 290 896 et
302 835 343 895 M.
360 834 561 910 Sempronius
580 833 749 894 tuditanus
770 832 919 908 pontifex.
944 832 1109 907 pontifices
1123 832 1245 894 suffecti

259 925 332 981 sunt
346 917 377 978 C.
390 917 545 993 Sulpicius
556 917 655 979 Galba
665 915 739 977 l*iu
753 918 855 978 locum
865 915 1014 978 Tuditani.
1035 931 1168 991 enerues
1180 919 1244 979 sui-

259 1002 331 1063 iecti
346 1008 418 1062 sunt
431 1003 462 1062 in
475 1001 603 1063 Gracchi
614 1004 716 1062 louun
725 1000 757 1060 Τ.
768 1001 915 1062 Veturius
928 1000 1085 1062 &archus
1097 999 1243 1076 Sempro-

259 1084 385 1160 nianus,
406 1086 437 1144 in
451 1085 482 1148 P.
496 1084 576 1147 Aelii
597 1085 630 1159 Q.
645 1085 753 1147 Aelim
767 1084 889 1146 Paetus.
914 1084 1072 1145 decemvir
1086 1099 1245 1145 sacrorum
1318 1094 1319 1131 ὲ

258 1169 291 1230 G.
308 1168 509 1245 Sempronius
522 1169 657 1244 longus,
671 1169 760 1230 eurio
773 1170 924 1230 munaus
942 1169 974 1230 (t
990 1166 1171 1230 Scribonius
1185 1168 1243 1230 Cu·

258 1254 304 1314 rio
319 1253 481 1314 sollicitor.
513 1270 583 1314 oum
603 1252 798 1329 pestilentiae
818 1254 888 1315 linis
910 1268 971 1313 oon
991 1253 1094 1327 lieret,
1114 1258 1243 1313 senatus

259 1337 410 1413 decrevit,
432 1338 476 1399 uti
491 1336 656 1398 decemviri
675 1337 772 1399 libros
786 1336 956 1415 &iulans
978 1337 1106 1398 meent.
1135 1352 1176 1396 ex
1190 1336 1243 1397 de·

259 1428 343 1482 creto
358 1437 464 1483 eorum
475 1422 559 1483 diem
573 1437 669 1482 unum
682 1422 865 1497 supplicatio
877 1422 944 1495 init,
957 1426 990 1481 et
1003 1420 1037 1495 Q.
1047 1419 1164 1482 Marcio
1174 1419 1243 1479 Phi·

259 1505 344 1581 lippo
365 1506 460 1567 verba
483 1511 652 1581 praeeunte
673 1507 809 1580 populus
829 1505 860 1564 in
875 1505 943 1565 foro
965 1511 1070 1566 uotum
1092 1503 1242 1579 concepit,

259 1590 284 1648 si
306 1591 433 1650 morbus
454 1586 689 1665 pestilentiaque
706 1605 750 1649 ex
769 1604 844 1664 apro
865 1590 1005 1649 Romano
1029 1594 1130 1648 emota
1149 1593 1244 1663 esset,

258 1671 383 1733 biduum
398 1674 490 1733 terias
505 1688 543 1732 ao
557 1672 815 1748 supplicationem
830 1688 866 1733 se
876 1671 1058 1733 habiturum.
1079 1672 1111 1731 in
1121 1670 1244 1731 Veienti
1319 1718 1320 1743 1

256 1770 332 1829 agro
348 1756 455 1831 biceps
470 1761 559 1816 natus
571 1772 657 1831 puer,
673 1764 702 1816 et
713 1755 881 1818 Sinuessae
890 1757 1063 1830 unimanus,
1078 1761 1109 1815 et
1118 1754 1243 1815 Auximi

257 1840 444 1914 puellarum
459 1840 616 1911 dentibus3
637 1847 669 1900 et
683 1857 774 1900 mous
784 1840 917 1901 interdiu
927 1854 1039 1900 sereno
1049 1840 1243 1914 oadoauper

257 1923 366 1985 aedem
378 1922 501 1984 Saturni
511 1924 542 1984 in
553 1925 621 1985 loro
631 1925 772 1985 Romano
783 1924 926 1999 intentus,
938 1930 969 1983 et
981 1930 1044 1984 tres
1053 1923 1147 1983 simul
1157 1921 1242 1983 soles

257 2006 445 2081 eilrrlsorunt,
457 2017 492 2070 et
505 2009 590 2069 taces
601 2008 710 2068 eadem
721 2014 813 2068 nocte
822 2010 927 2083 plures
939 2022 996 2082 per
1004 2007 1125 2068 caelum
1134 2007 1243 2082 lapsae

257 2098 331 2153 sunt
345 2093 375 2152 iu
390 2091 565 2162 Lanuvium
589 2088 787 2166 Caeritesque
800 2107 933 2167 anguem
946 2090 976 2151 in
993 2090 1109 2167 oppido
1123 2106 1182 2151 suo
1197 2090 1241 2150 iu·

258 2174 375 2249 batum,
391 2175 494 2237 aureis
507 2175 636 2236 maculis
649 2189 809 2250 sparsum,
824 2176 1008 2250 apparuisse
1020 2173 1241 2244 adfirmabanu

257 2260 331 2319 etin
349 2275 424 2334 agro
441 2261 596 2335 campano
616 2257 728 2318 bovem
746 2260 879 2319 locutum
893 2274 966 2318 esse
978 2258 1056 2320 satis
1071 2257 1242 2319 constabat

339 2343 431 2403 XXll.
454 2343 560 2417 Legati
581 2342 671 2402 nonis
695 2341 789 2402 Iuniis
811 2356 851 2401 ex
869 2342 975 2402 Alrica
994 2340 1165 2415 redierunt,
1188 2337 1241 2416 qui

260 2434 409 2488 convento
431 2426 517 2501 prius
530 2424 697 2486 Masinissa
714 2440 790 2500 rege
802 2425 1014 2500 oanmgrnem
1028 2424 1141 2486 ierant:
1160 2430 1241 2485 cete

256 2526 323 2571 rum
333 2509 445 2569 certius
457 2509 712 2583 aliquanbo‚quue
720 2507 899 2583 cardragine
910 2516 980 2570 acta
991 2516 1105 2583 essent,
1117 2508 1156 2569 ab
1167 2523 1242 2583 rege

256 2593 424 2652 rescierant
444 2607 535 2666 quam
557 2591 595 2652 ab
615 2592 694 2667 ipsis
709 2590 1018 2666 Carthaginiensibus.
1052 2599 1241 2668 comperurm

255 2681 356 2734 tamen
372 2674 612 2737 adfirmaverunt
623 2677 744 2751 legatas
758 2675 797 2736 ab
810 2689 884 2751 rege
897 2675 1013 2737 Perseo
1026 2677 1167 2750 venisse,
1187 2675 1240 2735 iis·

256 2773 318 2832 que
328 2765 421 2818 noctu
431 2766 571 2820 senatum
581 2760 611 2820 in
622 2759 702 2820 aede
711 2758 891 2835 Aesculapii
899 2760 1005 2820 datum
1016 2775 1098 2823 esse.
1116 2761 1156 2820 ab
1169 2758 1240 2819 Car·

255 2839 378 2915 thaaine
392 2844 510 2918 legatos
524 2843 554 2903 ia
567 2843 779 2906 liaeedoniam
793 2843 906 2904 missos
917 2851 947 2903 et
956 2859 1013 2904 rex
1026 2844 1242 2906 adfirmaverat

256 2931 286 2984 ot
296 2925 357 3001 ipsi
371 2943 480 3000 parum
492 2935 669 2989 constanter
677 2935 874 3003 negaverant.
896 2926 1151 2990 inMaoodonium
1162 2941 1240 3003 quo

255 3023 318 3082 que
339 3010 503 3073 mittendos
524 3012 643 3087 legatos
661 3018 791 3073 senatus
810 3012 939 3073 censuit.
966 3019 1030 3073 tras
1050 3009 1138 3073 missi
1156 3018 1239 3084 sunt,

256 3090 287 3151 C.
302 3092 425 3154 Laelius
447 3094 488 3155 M.
502 3096 645 3157 Valerius
667 3096 813 3157 Messalla
836 3094 909 3155 Sex.
931 3094 1070 3171 Digitius.
1105 3094 1240 3156 Perseus

256 3190 311 3250 per
324 3174 357 3236 id
371 3184 502 3254 tempus,
518 3180 590 3254 quia
603 3178 730 3256 quidam
737 3179 890 3255 Dolopum
904 3194 966 3239 non
981 3180 1140 3254 parebant,
1156 3185 1187 3239 et
1201 3178 1241 3238 de

256 3260 368 3333 quibus
383 3261 593 3337 ambigebatur
605 3263 700 3324 rebus
714 3262 970 3339 disceptationem
983 3264 1022 3324 ab
1037 3278 1111 3338 rege
1123 3262 1166 3322 ad
1179 3262 1241 3322 Ro·

255 3359 365 3406 manos
385 3345 588 3421 revocabant,
610 3363 680 3407 oum
699 3346 837 3407 exercitu
851 3349 1009 3421 protectus
1024 3345 1082 3408 sub
1097 3347 1146 3408 ius
1162 3344 1240 3405 iudi·

256 3426 397 3506 oiumque
421 3445 510 3490 suum
535 3436 628 3492 totam
651 3428 755 3506 coegit
776 3437 906 3506 gentem.
938 3431 1010 3492 inde
1031 3446 1088 3506 per
1106 3428 1241 3491 Oetaeos

255 3520 374 3575 montes
393 3520 623 3590 transgressus,
642 3512 841 3589 religionibus
862 3514 1045 3590 quibusdam
1066 3511 1168 3574 animo
1185 3509 1241 3574 01)·
