2642 4017
125 286 127 289 -
167 300 168 303 γ
228 256 293 321 ato
428 254 661 316 nmunxurv.
683 220 824 319 carm.
846 257 1039 330 [summor]

229 407 313 485 quod
328 403 430 466 minus
445 412 599 466 trecentos
614 420 730 481 passus
743 405 865 481 uberat,
888 406 991 483 iussit,
1008 413 1039 468 et
1058 407 1089 468 in
1110 409 1213 469 littore

228 491 307 552 alios
332 488 405 550 alibi
428 487 560 549 modicis
584 488 753 549 intervallis
779 490 896 551 ludere
931 488 1051 554 montes
1077 492 1211 568 ingentis

228 573 396 637 altitudinis
417 587 506 647 spem
520 572 687 647 iaciebant,
711 587 750 634 eo
765 574 863 649 magis
879 574 953 649 quia
966 575 1067 637 nullos
1082 583 1211 652 apertos

228 662 410 734 evergereut
419 656 514 731 rivos,
526 656 667 718 occultos
677 657 833 731 conburere
844 657 960 734 latices,
973 674 1211 734 quorumvenae

228 744 259 803 in
283 757 368 803 more
392 746 608 816 permanantes
631 740 735 801 undae
758 741 969 803 miscerentur.
997 743 1051 803 vix
1075 743 1211 805 deducta

116 878 120 885 .
228 841 348 889 summa
367 840 463 886 arena
484 829 565 898 erat,
587 839 656 884 eum
678 824 882 900 scaturigines
904 825 1046 893 turbidae
1064 827 1163 902 primo
1179 834 1214 889 et

228 918 336 971 tenues
351 908 493 982 amicare
508 906 580 968 dein
594 906 742 983 liquidam
751 909 944 985 multamque
956 909 1086 971 lundene
1097 927 1210 987 aquam

229 994 312 1053 velut
332 992 426 1053 deum
447 991 529 1051 dono
552 998 732 1067 coeperunt.
759 991 944 1068 aliquantum
965 1009 1004 1055 ea
1017 1010 1144 1070 quoque
1155 1011 1209 1056 res

166 1148 171 1156 ⁴
229 1077 300 1137 duci
321 1074 420 1135 lamae
440 1080 471 1135 et
491 1074 680 1151 auetorimu's
700 1074 784 1151 apud
798 1076 908 1137 milites
922 1076 1023 1138 adicit.
1045 1079 1142 1139 iussis
1155 1079 1211 1139 de-

228 1159 300 1220 inde
313 1157 459 1219 militibus
471 1156 619 1232 expedire
630 1174 723 1232 arma,
739 1159 808 1234 ipse
818 1175 889 1220 eum
897 1160 1027 1223 tribunis
1039 1161 1210 1239 primisque

230 1240 388 1305 ordinibus
409 1243 450 1303 ad
470 1242 727 1318 contemplandos
747 1243 891 1305 transitus
904 1252 949 1306 est
957 1262 1135 1322 progressus
1148 1263 1211 1323 qun

230 1329 401 1389 descensus
416 1325 515 1387 iacssis
526 1326 661 1399 minatis,
678 1327 780 1402 quain
791 1328 965 1389 ulteriorem
975 1327 1075 1404 ripam
1085 1329 1210 1392 minima
1311 1326 1319 1337 “

228 1412 351 1489 iniquus
372 1426 523 1473 ascensus
544 1417 637 1471 esset.
663 1408 711 1471 bis
732 1410 807 1470 satis
828 1412 996 1487 exploratis
1016 1412 1067 1473 illa
1082 1430 1211 1491 quoque

228 1498 374 1575 primum,
396 1500 429 1558 ut
448 1495 557 1556 ordine
578 1509 617 1555 ac
637 1493 706 1554 sinc
726 1494 857 1557 tumultu
870 1496 972 1557 omnia
985 1496 1017 1557 iu
1032 1497 1153 1573 agmine
1168 1498 1221 1559 ad·

228 1588 334 1642 nutum
354 1579 579 1655 imperiumque
599 1577 688 1639 ducis
702 1577 818 1653 fierent,
834 1579 979 1654 providit
998 1580 1053 1641 ubi
1065 1581 1208 1643 omnibus

229 1664 318 1725 simul
329 1662 577 1739 pronuntiaretur
588 1661 779 1737 quodlicet,
792 1665 1207 1739 nequeomnesexaudirent,
1235 1722 1239 1745 ,

228 1749 344 1808 incerto
358 1746 488 1822 imperio
508 1752 637 1821 accepto
652 1745 746 1820 abas,
771 1746 811 1807 ab
826 1762 862 1807 se
876 1746 1059 1823 adicientes,
1083 1750 1153 1825 plus
1169 1765 1208 1809 eo
1259 1750 1263 1753 ’

230 1831 314 1906 quod
329 1829 510 1907 imperatum
524 1829 572 1902 sit,
588 1830 666 1891 alios
681 1828 781 1890 minus
795 1830 913 1907 ,iacere3
930 1833 1081 1894 clamores
1095 1833 1209 1893 deindo

231 1915 376 1976 dissonos
391 1914 463 1976 orbi
478 1914 619 1976 omnibus
632 1914 722 1988 locis,
735 1920 767 1974 et
779 1913 865 1990 prius
880 1913 987 1976 hostes
1003 1931 1095 1991 quam
1109 1917 1208 1992 ipsos,

230 1999 305 2075 quid
319 2006 452 2076 paretur,
468 1999 558 2060 scire.
573 2000 697 2074 placere
707 1996 799 2072 igitur
809 1997 961 2061 tribunum
972 1998 1098 2061 militum
1108 1998 1208 2075 prima

228 2085 291 2160 pilo
306 2084 442 2160 legionis
452 2089 603 2145 secretum
620 2081 714 2142 edere
727 2079 906 2157 imperium
926 2080 1011 2143 illurn
1021 2091 1053 2145 et
1063 2082 1133 2145 dein
1144 2085 1209 2145 sin·

229 2169 319 2243 gulos
339 2168 481 2244 proximo
501 2167 612 2243 cuique
633 2165 665 2225 in
681 2164 790 2225 ordine
805 2164 973 2227 centurioni
988 2166 1106 2241 dicero,
1133 2169 1209 2244 quid

230 2267 311 2327 opus
325 2253 406 2316 lacto
421 2251 470 2327 sit,
485 2251 552 2312 sive
567 2268 585 2310 a
600 2250 705 2326 primis
716 2249 815 2326 signis
825 2250 866 2310 ad
876 2248 1077 2312 novissimum
1087 2266 1209 2327 agmen,

230 2337 297 2398 rive
316 2336 355 2396 ab
376 2336 520 2397 extremis
540 2335 581 2395 ad
601 2334 718 2407 primos
740 2333 956 2410 perferendum
976 2332 1139 2409 imperium
1157 2335 1207 2395 sit.

230 2421 337 2496 vigiles
356 2418 448 2482 etiam
467 2433 549 2479 novo
570 2433 655 2477 more
676 2424 795 2478 scutum
810 2417 840 2476 in
856 2417 988 2492 vigiliam
1003 2418 1083 2478 terre
1097 2419 1209 2481 vobutz

69 2484 73 2491 ’
105 2550 107 2553 .
227 2521 290 2565 non
306 2502 431 2562 enimin
446 2515 581 2576 pugnam
594 2499 716 2575 vigilem
730 2500 783 2575 ire,
803 2506 837 2560 ut
851 2501 943 2561 armis
957 2507 1074 2577 utatur,
1094 2502 1152 2562 sed
1167 2504 1209 2564 ad

230 2585 429 2660 vigilandum,
451 2591 483 2644 ut
497 2598 565 2643 cum
584 2581 717 2643 senserit
731 2581 864 2645 hostium
878 2585 1057 2660 adventum,
1079 2585 1210 2661 recipiat

228 2684 264 2730 se
285 2667 459 2741 excitetque
478 2667 519 2727 ad
538 2681 624 2728 mma
642 2665 730 2729 alios.
759 2676 846 2729 scuto
867 2684 943 2745 prae
958 2684 993 2730 se
1008 2676 1110 2730 erecto
1125 2677 1209 2730 stare
1299 2722 1304 2727 .

229 2753 383 2829 galeatos;
406 2749 517 2812 deinde
530 2748 583 2812 ubi
597 2748 673 2811 lessi
687 2750 756 2827 siat,
770 2748 894 2813 innixos
909 2753 981 2828 pilo,
998 2752 1098 2828 capite
1112 2769 1209 2829 super

228 2835 395 2910 marginem
410 2834 489 2897 scuti
503 2833 615 2911 posito,
631 2833 752 2912 sopitos
767 2842 859 2910 stare,
874 2842 907 2897 ut
917 2836 1101 2911 fulgentibus
1113 2836 1207 2897 armis

229 2921 337 2997 procul
357 2918 495 2995 conspici
515 2920 554 2981 ab
572 2919 661 2983 hoste
684 2920 819 2996 possint,
840 2918 900 2995 ipsi
922 2919 995 2980 nibil
1016 2920 1206 2996 provideant.

228 3003 392 3066 stationum
400 3020 648 3080 quoquemorem
654 3004 787 3066 mutavit.
799 3004 905 3065 murali
913 3019 1030 3077 amnes,
1043 3010 1075 3063 et
1080 3004 1208 3064 frenatis

229 3088 320 3164 equis
329 3089 464 3165 equites.
472 3088 553 3150 diem
563 3093 659 3151 totum
669 3088 861 3166 perstabant:
881 3087 914 3147 id
925 3087 1131 3149 cumaestivis
1142 3087 1207 3147 dio

228 3173 287 3235 bus
293 3179 400 3235 urente
407 3172 538 3234 adsiduo
545 3174 714 3247 solelieret,
725 3177 770 3233 tot
775 3170 1015 3235 nmmumnesta
1021 3177 1052 3232 et
1057 3172 1209 3249 languore

228 3258 317 3333 ipsos
327 3272 492 3334 equosque
503 3257 606 3317 lessos
617 3256 724 3330 integri
737 3270 832 3331 saepe
843 3255 942 3319 adorti
952 3254 1059 3317 hostes
1070 3256 1123 3315 vel
1130 3269 1206 3329 pau-

229 3342 255 3401 ci
267 3343 372 3417 plures
382 3341 543 3401 vexabant.
554 3340 704 3414 itaqueex
709 3337 855 3399 matutina
860 3336 992 3400 statione
1000 3336 1219 3399 admeridiem·

228 3424 350 3497 decedi,
373 3431 404 3484 et
422 3423 453 3482 in
467 3421 736 3495 postmeridianam
749 3420 917 3482 succedere
936 3421 1015 3483 alios
1032 3421 1138 3482 iussitr
1165 3419 1207 3480 ita

228 3521 393 3581 numquam
414 3503 555 3577 fatigatos
575 3516 685 3563 reeens
707 3503 804 3563 hostis
826 3503 954 3579 adgredi
976 3512 1104 3579 poterat
