2642 4017
210 274 275 338 204
381 274 496 335 LIBER
509 274 612 335 XLIII.
634 275 718 335 CAP.
731 283 774 338 17.
787 283 830 337 18.
853 280 889 347 [a.
902 277 936 330 U.
949 296 973 331 c.
986 277 1048 345 583]
1124 225 1130 231 ἄ

112 498 115 501 ,
211 430 335 508 quidem
362 426 472 489 seditio
493 434 572 502 erat,
597 427 653 487 sed
677 426 778 501 omnia
798 431 945 500 suspecta
965 423 1190 498 criminumque

208 515 288 575 inter
306 513 394 588 ipsos
415 512 521 586 plena;
552 511 592 571 ob
613 525 693 583 quae
708 508 867 571 obsidibus
882 507 1060 583 postulatis,
1085 522 1189 582 neque

90 621 95 631 ·
209 597 293 658 exitu
307 597 351 656 rei
365 594 511 670 imposito
522 595 553 653 in
564 593 767 653 Acarnaniam
779 592 851 652 inde
862 591 991 668 proiecti
1002 588 1094 665 legati
1106 597 1188 651 sunt.

208 678 313 760 Thyrii
328 677 491 741 concillum
505 676 615 753 legatis
628 679 809 738 Acarnanes
824 676 984 735 dederunt.
1005 673 1047 733 ibi
1062 689 1189 749 quoque

208 764 287 824 inter
306 761 456 824 lactIones
476 769 543 822 erat
557 767 726 821 certamem
748 758 873 835 quidam
893 757 1067 833 principum
1079 765 1189 832 postn-
1242 834 1248 844 ι

208 847 287 921 lare,
308 853 342 906 ut
362 845 518 921 praesidia
536 842 568 905 in
587 844 682 905 urbes
703 858 777 904 suas
798 843 1017 903 inducerentur
1036 841 1189 902 adversus

209 929 370 991 amentiam
384 927 568 1003 eorumqni
583 929 623 989 ad
634 927 821 988 Macedonas
833 923 1056 986 Acarnanicam
1066 933 1189 1000 gentem
1269 972 1271 978 .

165 1030 169 1035 ·
207 1012 384 1080 trahebant3
405 1027 479 1087 pars
493 1026 648 1084 recusare,
670 1025 718 1084 ne,
740 1010 824 1086 quod
837 1009 920 1069 bello
935 1009 1033 1085 captis
1048 1014 1079 1067 et
1091 1008 1189 1079 hosti·

168 1128 171 1135 ·
209 1095 269 1157 bus
284 1108 352 1154 mos
367 1101 466 1167 esset,
487 1094 518 1154 id
541 1102 670 1169 pacatae
685 1102 715 1155 et
729 1095 834 1154 sociae
848 1091 986 1153 civitates
1002 1090 1190 1168 ignominiae

208 1176 393 1253 acciperent
415 1178 496 1238 iusta
516 1178 693 1253 deprecatio
714 1177 793 1238 haec
812 1177 889 1237 visa.
912 1175 1049 1237 Larisam
1070 1176 1109 1235 ad
1124 1176 1187 1236 Ho-

182 1254 185 1259 ’
208 1261 321 1323 stilum
340 1261 559 1336 proconsulem
577 1294 620 1306 -
640 1261 680 1322 ab
694 1269 732 1322 eo
747 1261 828 1322 enim
841 1260 927 1321 mlssi
942 1266 1083 1320 erant-
1097 1259 1194 1334 legati

192 1345 372 1406 ‘redierunt
395 1343 552 1406 Octavium
566 1344 690 1406 retinuit
709 1360 828 1417 secum,
849 1343 1010 1420 Popillium
1024 1358 1093 1403 cum
1108 1343 1189 1402 mille

164 1420 172 1449 ⁸
208 1429 304 1489 lerme
316 1426 462 1490 militibus
476 1428 506 1489 in
522 1428 649 1489 hiberna
662 1427 860 1489 Ambraciam
871 1428 961 1488 misit

291 1512 398 1573 XVIII.
426 1511 559 1573 Perseus
580 1511 731 1587 principio
746 1511 855 1572 hiemis
867 1511 974 1587 egredi
988 1510 1189 1572 Macedoniae
1311 1488 1312 1543 Ψ

208 1594 322 1656 linibus
337 1611 399 1657 non
416 1611 522 1670 ausus,
537 1595 973 1672 nequainregnumvacuum
985 1593 1190 1669 irrumperent
1312 1652 1314 1679 ,

93 1688 97 1695 ·
208 1678 354 1752 Romani,
385 1679 444 1740 sub
464 1687 586 1755 tempus
606 1680 748 1753 brumae,
775 1693 844 1739 cum
863 1678 1128 1753 inexsuperabiles
1150 1677 1188 1737 ab

207 1758 366 1821 Thessalia
379 1764 499 1823 montes
514 1762 594 1823 ulvis
608 1762 734 1824 altitudo
750 1762 830 1836 lacit,
845 1763 1042 1823 occasionem
1053 1776 1125 1822 esse
1139 1777 1187 1820 ra-

206 1851 257 1904 tus
269 1845 429 1919 frangendi
438 1844 633 1907 finitimorum
644 1861 720 1922 spes
732 1845 923 1920 animosque,
938 1860 978 1906 ne
990 1845 1066 1921 quid
1074 1860 1188 1905 averso

208 1940 244 1987 se
263 1928 294 1987 in
314 1927 485 1990 Romanum
499 1930 611 1991 bellum
628 1929 755 2004 periculi
768 1930 910 2003 adesset,
932 1943 1001 1989 cum
1023 1945 1041 1989 a
1060 1927 1189 1990 Thracia

207 2025 317 2087 pacem
332 2010 437 2091 cotys,
459 2012 498 2074 ab
512 2014 606 2090 Epiro
622 2012 775 2089 Cephalus
788 2012 948 2088 repentina
962 2010 1134 2074 delectione
1149 2012 1189 2072 ab
1271 2027 1277 2037 ·

206 2095 352 2157 Romanis
367 2104 568 2173 praestarent,
582 2097 744 2158 Dardanos
757 2112 869 2158 recens
883 2096 1054 2157 domuisset
1063 2096 1188 2170 bellum,

208 2179 308 2241 solum
329 2178 473 2243 infestum
494 2195 566 2243 esse
580 2180 780 2241 Macedoniae
794 2180 890 2255 latus,
911 2182 996 2256 quod
1011 2181 1050 2240 ab
1064 2180 1188 2258 illyrico

205 2268 340 2338 pateret,
358 2258 507 2339 comens,
532 2279 635 2340 neque
654 2263 734 2340 ipsis
755 2264 865 2340 quletis
886 2264 998 2342 illyriis
1020 2271 1051 2324 et
1070 2263 1187 2324 aditum

205 2346 425 2422 praebentibus
435 2348 592 2422 Romanis,
607 2348 634 2409 si
648 2348 820 2410 domuisset
832 2348 992 2424 proximos
1004 2347 1186 2427 Illyriorum,

207 2429 347 2492 Gentium
373 2444 499 2506 quoque
524 2445 629 2505 regem
654 2431 789 2492 iamdiu
810 2431 986 2493 dubiumin
1008 2429 1187 2492 societatem

204 2512 313 2588 perlici
327 2528 433 2588 posse,
449 2527 518 2572 cum
533 2513 641 2572 decem
654 2513 776 2574 milibus
792 2514 944 2590 peditum,
966 2531 1097 2590 quorum
1111 2530 1187 2589 pars

205 2593 401 2669 phalangitae
414 2602 515 2668 erant,
536 2602 567 2654 et
581 2595 704 2656 duobus
719 2596 841 2658 milibus
856 2599 966 2660 levium
988 2613 1140 2659 armorum
1155 2606 1188 2660 et

205 2676 380 2751 quingentis
401 2677 555 2752 equitibus
569 2679 727 2753 proiectus
742 2678 903 2742 Stuberam
919 2683 1010 2743 venit
1036 2681 1108 2742 Inde
1123 2682 1187 2741 iru-

126 2839 129 2843 .
204 2766 306 2820 mento
333 2761 534 2835 complurium
559 2761 676 2823 dierum
699 2772 837 2840 sumpto,
861 2766 1013 2842 iussoque
1034 2772 1187 2841 apparatu

204 2844 483 2919 oppugnandarum
503 2845 623 2906 nrqum
637 2846 737 2924 sequi,
751 2849 840 2910 tertio
856 2849 908 2909 die
919 2849 959 2909 ad
973 2849 1130 2911 Uscanam
1142 2881 1185 2892 —

202 2925 402 2988 Penestianae
421 2936 522 2990 terrae
533 2945 570 2990 ea
588 2931 722 2991 maxima
741 2933 815 2994 urbs
837 2941 940 2993 est-
954 2930 1058 3007 posuit
1073 2938 1184 3005 castra,

94 3018 98 3027 ·
203 3008 291 3086 prius
311 3015 411 3072 umen
432 3029 524 3089 quam
545 3014 607 3074 vim
623 3016 800 3077 admoveret
813 3015 918 3076 missis
934 3015 988 3091 qui
1001 3022 1186 3097 temptarent

146 3110 150 3117 ·
203 3108 285 3154 nunc
304 3096 531 3169 praefectorum
550 3096 697 3174 praesidii
716 3115 798 3159 nunc
813 3098 1038 3175 oppidanorum
1051 3100 1184 3168 vanimos.

203 3184 269 3238 erat
289 3184 389 3238 autem
410 3179 453 3240 ibi
468 3196 537 3241 cum
551 3182 708 3243 iuventute
722 3182 894 3260 Illyriorum
906 3183 1078 3244 Romanum
1092 3197 1180 3258 prae·

203 3260 325 3322 sidium.
352 3270 518 3338 postquam
533 3264 606 3324 nihil
621 3266 722 3340 pacati
735 3266 918 3340 referebant,
939 3281 1121 3342 oppugnare
1135 3273 1186 3325 est

206 3344 332 3409 adortus
354 3353 385 3407 et
405 3361 521 3408 corona
535 3361 603 3407 eam
620 3350 732 3422 cap'ere
746 3354 876 3409 conatus
891 3356 948 3409 est.
969 3364 1039 3410 cum
1054 3349 1122 3410 sine
1136 3350 1182 3409 in·

202 3428 397 3491 tarmissione
410 3428 540 3490 interdiu
557 3436 713 3505 noctuque
727 3431 777 3490 alii
792 3431 860 3492 aliis
876 3431 1089 3505 succedentes,
1105 3447 1181 3507 pars

203 3513 305 3572 scalas
327 3513 436 3579 muris,
458 3512 560 3586 ignem
581 3512 677 3586 portis
692 3513 851 3583 inferrent,
874 3514 1065 3575 sustiuebant
1078 3522 1180 3575 tamen
