2642 4017
221 235 284 299 252
381 233 497 295 LIBER
509 234 614 295 XLIV.
637 232 721 295 CAP·
734 242 836 297 tulo.
858 240 895 308 [a.
907 238 1053 308 timeat]
1175 276 1179 280 ·

219 393 338 453 animos
361 389 564 451 confirmaret
596 388 653 449 sed
675 387 860 465 aliquotiens
883 386 987 450 dicere
1008 389 1213 467 incipientem

219 491 289 537 cum
314 473 459 536 lacrimae
484 471 735 548 praepedissent,
763 471 836 547 quia
857 472 926 547 ipse
951 472 1055 533 dicere
1076 474 1210 551 nequiit,

217 560 363 621 Euandro
378 555 515 619 cretensi
530 555 636 629 editis,
653 571 734 631 qnae
747 554 799 631 ogi
812 571 881 617 cum
895 555 1088 619 multitudine
1102 561 1210 634 vellet,

218 645 259 705 de
272 642 386 718 templo
398 638 568 702 descendit.
583 638 746 701 multitudo
761 640 842 701 sicut
852 640 892 701 ad
903 647 1106 715 conspectum
1117 642 1207 718 regis

219 728 386 802 fletumque
398 732 461 786 tam
473 723 681 785 miserabilem
695 729 727 784 et
740 723 811 799 ipsa
820 724 1011 798 ingemuerat
1020 724 1207 786 lacrimare·

217 818 342 887 ratque,
364 808 406 869 ita
424 807 560 869 Euandri
581 807 750 868 emtionem
768 807 1007 882 aspernabatur,
1031 808 1205 884 etquidem

218 895 286 956 ausi
301 901 374 955 sunt
391 892 494 953 media
507 907 549 952 ex
562 892 706 953 contione
719 892 910 953 succlamare
929 935 948 966 „
958 891 1039 951 abite
1052 890 1140 966 binc,
1162 908 1205 952 ne

219 977 273 1054 qui
295 975 387 1051 pauci
408 990 628 1049 supersumus,
650 979 778 1050 propter
798 991 856 1035 vos
874 979 1068 1050 pereamus.“
1089 975 1202 1038 horum

131 1055 136 1067 “
220 1059 334 1121 lerocia
348 1072 456 1119 vocem
469 1059 605 1120 Euandri
619 1058 738 1119 clausit
761 1074 819 1118 rex
832 1058 905 1118 inde
926 1058 1050 1119 domum
1065 1075 1102 1120 se
1114 1075 1203 1120 rece·

220 1142 273 1218 pit,
286 1142 480 1219 pecuniaque
492 1147 609 1204 etauro
621 1148 810 1217 argentoque
821 1142 851 1202 in
863 1140 991 1217 lembos,
1003 1142 1099 1218 quiin
1111 1142 1202 1222 Stry·

219 1242 310 1287 mone
324 1225 459 1299 stabant,
481 1226 591 1289 delatis
604 1231 635 1286 et
648 1224 718 1301 ipse
732 1226 771 1286 ad
786 1223 900 1287 flumen
914 1225 1084 1287 descendit.
1106 1226 1200 1286 Thre-

219 1326 273 1371 ces
283 1309 414 1371 navibus
425 1325 462 1370 se
472 1310 660 1370 committere
670 1325 732 1371 non
744 1308 813 1371 ausi
825 1310 935 1370 domos
947 1309 1068 1385 dilapsi,
1079 1315 1110 1370 et
1119 1310 1200 1370 aliae

217 1391 355 1456 militaris
368 1393 491 1469 generis
504 1392 627 1454 turbae:
650 1392 813 1453 cretenses
828 1409 918 1469 spem
928 1393 1079 1468 pecuniae
1090 1392 1200 1454 secuti.

218 1485 248 1539 et
268 1476 413 1554 quoniam
429 1480 459 1538 in
481 1476 647 1539 dividendo
668 1477 739 1552 plus
754 1476 959 1539 offensionum
975 1492 1068 1551 quam
1082 1477 1200 1552 gratim

218 1569 291 1632 erat,
305 1559 526 1638 qninquaginta
535 1562 649 1622 talenta
660 1560 699 1620 iis
711 1561 814 1635 posita
820 1566 892 1621 sunt
901 1558 933 1623 in
939 1558 1197 1635 ripaoiripienda

218 1643 257 1703 ab
278 1644 337 1705 hac
358 1644 529 1720 direptione
549 1659 619 1704 eum
638 1659 694 1719 per
714 1645 874 1705 tumultum
894 1658 991 1704 naves
1006 1643 1197 1703 conscende·

217 1733 300 1800 rent,
322 1725 453 1787 lembum
468 1743 562 1789 unum
577 1728 608 1788 ln
624 1727 703 1789 ostio
717 1726 816 1788 amnis
830 1726 1020 1788 multitudine
1034 1735 1197 1802 gravatum

217 1816 396 1870 merserunt.
411 1810 578 1886 Galepsum
588 1826 626 1873 co
639 1811 699 1885 die,
711 1818 837 1886 postero
850 1809 1089 1886 Samothracam,
1102 1827 1196 1886 quam

218 1893 370 1971 petebant,
386 1895 582 1969 pervenienti
610 1895 650 1954 ad
666 1895 727 1956 duo
743 1895 825 1954 milia
838 1896 984 1955 talentum
998 1901 1144 1968 pervecta
1157 1910 1195 1955 eo

217 1978 367 2039 dicuntur.

236 2120 239 2125 .
299 2062 404 2124 XLVI.
424 2062 537 2124 Paulus
559 2079 616 2139 per
636 2079 743 2125 omnes
764 2063 883 2123 deditas
905 2059 1044 2123 civitates
1060 2061 1196 2123 dimissis

217 2148 269 2222 qui
285 2153 481 2223 praeessent,
504 2162 544 2207 ne
558 2163 621 2223 qua
635 2146 747 2209 iniuria
763 2144 793 2206 in
810 2162 891 2206 nove
903 2160 982 2221 pace
995 2144 1085 2206 victis
1098 2146 1194 2221 tieret

216 2230 405 2305 retentisque
431 2231 515 2306 apud
540 2246 575 2292 se
601 2228 859 2292 caduceatoribus
883 2228 967 2304 regis
987 2228 1020 2288 P.
1042 2229 1193 2305 Nasicam,

215 2313 340 2389 ignarus
356 2315 448 2390 iuges
460 2315 553 2389 regis,
567 2314 776 2390 Amphipolim
790 2312 873 2374 misit
886 2328 956 2374 cum
970 2313 1093 2374 modica
1107 2314 1193 2389 pedi·

214 2406 285 2459 tum
298 2400 497 2474 equitumque
511 2413 618 2469 manu,
641 2398 732 2457 simul
746 2403 780 2456 ut
793 2395 928 2458 Sinticen
943 2403 1097 2458 evastaret
1110 2402 1141 2457 et
1154 2397 1192 2464 ad

128 2487 131 2492 ’
216 2496 323 2542 omnes
338 2486 467 2541 conatus
481 2481 565 2553 regis
580 2479 797 2555 impedimento
812 2487 906 2541 esset
925 2481 1003 2540 inter
1016 2479 1095 2541 haee
1106 2480 1191 2540 Meli-

213 2563 296 2623 boea
308 2581 327 2622 a
340 2563 392 2622 cn.
409 2561 535 2622 Octavio
550 2562 671 2638 capitur
681 2561 900 2640 diripiturqne;
916 2564 956 2624 ed
966 2563 1137 2639 Aeginium,
1152 2564 1190 2625 ad

215 2645 300 2720 quod
315 2645 557 2719 oppugnandum
573 2644 626 2706 Cn.
639 2643 769 2707 Anicius
786 2648 905 2722 legatus
920 2647 1035 2725 missus
1050 2654 1123 2722 erat,
1137 2648 1191 2707 du-

214 2729 294 2789 centi
308 2726 468 2803 eruptione
488 2744 529 2789 ex
549 2731 666 2806 oppido
681 2729 761 2791 lacta
776 2730 882 2792 amissi
903 2736 974 2791 sunt
993 2730 1107 2806 ignaris
1131 2731 1190 2790 Ae-

214 2811 407 2887 giniensibus
425 2812 607 2875 debellatum
628 2830 710 2874 esse.
738 2815 847 2876 consul
867 2830 887 2873 a
905 2813 1014 2891 Pydna
1035 2814 1190 2889 proiectus

214 2904 357 2959 cumtoto
369 2898 669 2959 exercitudiealtero
680 2897 793 2958 Pellam
803 2898 958 2974 pervenit;
970 2904 1080 2959 etcum
1091 2906 1190 2959 castra

213 2978 295 3038 mille
314 2996 429 3055 pessus
452 2981 524 3042 inde
538 2981 711 3058 posuisset,
735 2996 792 3057 per
805 2979 923 3056 aliquot
943 2981 1010 3043 dies
1025 2982 1067 3041 ibi
1081 2983 1189 3066 ambro

213 3060 333 3137 babuit,
359 3064 451 3125 situm
470 3065 556 3126 urbis
576 3066 715 3141 undique
734 3064 906 3141 aspiciens,
933 3081 1026 3139 quam
1046 3081 1109 3126 non
1125 3067 1189 3126 sine

214 3162 309 3206 cause
327 3148 475 3208 delectam
494 3164 566 3210 esse
585 3149 700 3225 regiam
721 3148 859 3210 advertit.
888 3146 947 3209 sita
967 3149 1060 3210 estin
1074 3151 1187 3210 tumulo

211 3238 357 3305 vergente
371 3231 402 3290 in
418 3231 607 3292 occidentem
622 3232 795 3293 hibernum=
819 3230 945 3308 cingunt
958 3234 1089 3308 paludes
1103 3232 1183 3293 inex·

212 3315 395 3390 superabilis
410 3314 576 3375 altitudinis
589 3322 706 3376 aestate
720 3323 750 3377 et
762 3316 872 3391 bieme,
888 3332 966 3391 ques
976 3323 1185 3391 restagnantes

211 3398 327 3459 iaciunt
340 3400 437 3460 lacus.
459 3396 491 3457 in
504 3397 574 3472 ipsa
589 3398 710 3472 palude,
727 3415 789 3473 qua
804 3399 946 3474 proxime
955 3399 1023 3460 urbi
1035 3406 1090 3473 est,
1105 3401 1186 3459 velut

210 3480 311 3542 insula
332 3482 444 3543 eminet
461 3497 518 3541 arx
540 3481 643 3556 aggeri
658 3482 761 3556 operis
775 3481 906 3557 ingentis
920 3480 1075 3557 imposita,
1091 3481 1185 3556 quiet
