2642 4017
267 238 460 300 ΕΡΙΤΟΜΑΕ
474 237 678 300 LIBRORUM
692 239 927 302 cxvi-cxxi.
1024 240 1086 307 317

95 391 151 430 eius
171 389 315 442 Capitolium.
335 386 449 429 oblivione
468 386 550 428 deinde
570 387 645 428 caedis
664 389 712 428 eius
726 399 740 428 a
753 391 831 429 senatu
847 388 948 439 decreta,
969 392 1086 435 obsidibus

97 444 192 484 Antonii
207 446 230 484 et
243 442 322 496 Lepidi
336 443 416 483 liberis
428 443 530 494 acceptis
544 442 651 482 coniurati
671 452 685 481 a
700 442 811 494 capitolin
826 441 996 489 descenderunt.
1017 448 1084 489 testa-

97 501 176 538 mento
192 497 295 539 caesaris
310 496 375 537 berea
389 507 418 536 ex
432 500 495 547 parte
510 495 602 537 dimidia
616 497 733 536 institutus
747 496 772 537 c.
788 495 895 537 Octavius
909 500 993 540 sororis
1007 511 1084 553 nepos,

95 555 122 592 et
138 553 161 593 ln
176 561 255 591 nomen
270 549 392 603 adoptatos
405 552 449 590 est.
469 547 573 590 Caesaris
587 558 669 600 corpus
683 560 732 589 cum
747 551 769 590 in
784 560 885 603 campum
899 551 1002 592 Martium
1017 553 1085 594 ierre·

96 611 150 655 tur,
166 616 180 645 a
193 605 261 657 plebe
274 607 327 645 anto
340 606 412 644 rostra
426 606 545 643 crematum
560 607 603 647 est.
624 603 748 644 dictaturae
766 602 837 644 bonos
852 604 873 643 in
889 608 1018 658 perpetuum
1033 608 1085 647 sub·

97 660 161 701 latus
176 661 218 701 est.
235 658 261 699 c.
276 659 390 707 Amatlus,
405 656 541 698 humillimae
555 657 624 699 sortis
638 657 715 706 bomo,
731 657 770 708 qul
783 666 809 698 se
823 655 848 699 C.
865 657 931 699 Marii
945 657 1014 700 fllium
1028 659 1084 701 iere·

96 713 146 763 bat,
162 724 211 753 cum
227 711 287 764 apud
302 711 413 752 credulam
429 710 518 764 plebem
531 710 656 752 seditiones
670 715 776 760 moveret,
793 715 886 752 necatus
900 717 943 753 est.

154 766 241 807 cxvii.
256 765 282 810 C.
292 765 400 807 octavius
412 766 503 808 Romam
517 777 546 806 ex
560 764 630 817 Epiro
645 764 707 805 vcnlt
721 769 758 815 (en
775 767 832 806 enlm
847 766 910 806 illum
926 768 1009 809 Caesam
1022 779 1084 821 prse-

96 823 203 870 mlserat,
218 818 302 860 bellum
317 821 338 859 in
354 818 484 860 Macedonia
498 821 622 871 gesturus),
641 818 797 870 ominibusque
812 821 925 872 prosperis
940 824 1048 873 exceptus
1062 825 1085 863 et

96 886 180 916 nomen
196 873 298 916 Caesaris
312 873 416 925 sumpsit.
436 874 458 913 ln
473 872 604 914 contusione
618 882 691 913 rerum
705 884 732 913 aa
745 873 843 914 tumultu
857 872 956 926 Lepidus
970 876 1084 927 pontillcs·

95 934 145 970 tum
161 929 280 968 maximum
293 927 419 978 intercepit.
432 926 473 967 sed
487 928 518 967 Μ.
531 928 641 967 Antonius
654 927 733 968 consul
749 938 798 968 cum
813 928 948 980 impotenter
961 928 1084 974 dominare·

89 988 148 1031 tur,
168 981 285 1034 legemque
300 980 328 1021 de
342 981 505 1032 permutatione
519 980 683 1034 provinciarum
699 990 740 1034 per
753 983 798 1023 vim
811 982 913 1031 tulisset,
929 986 952 1023 ct
967 982 1084 1025 &erarem

95 1034 543 1139 tuttelstet?mittitote:
555 1036 1083 1144 foetet:ttilt⁰lttltt‘nt·⁸rl:.itz

95 1155 136 1185 ros
159 1142 269 1184 deductos
290 1144 312 1184 in
334 1142 433 1183 coioniae
454 1146 572 1185 veteranos
594 1144 710 1188 excitavit.
732 1143 833 1196 legiones
854 1155 943 1196 quoque
962 1148 1041 1198 quarta
1061 1148 1084 1187 et

96 1199 180 1241 Martia
194 1199 257 1249 signa
268 1196 295 1236 ab
307 1198 404 1238 Antonio
419 1196 448 1237 ad
458 1197 576 1239 Caesarem
591 1197 698 1239 tulerunt.
714 1197 795 1239 delude
810 1200 833 1239 et
846 1199 973 1252 complures
987 1201 1083 1241 neritia

96 1253 132 1297 M.
147 1252 251 1299 Antonii,
266 1254 348 1304 passim
363 1253 385 1291 in
400 1252 481 1292 castris
493 1252 541 1292 suis
556 1251 689 1293 trucidantis
703 1252 742 1304 qul
757 1254 858 1304 suspecti
872 1256 943 1303 erant,
959 1252 987 1293 sd
1002 1253 1082 1295 Caesa·

97 1317 145 1347 rem
160 1304 309 1346 desciverunt.
329 1304 358 1347 ll.
373 1304 463 1354 Brutus,
478 1309 502 1346 ut
517 1306 602 1358 petenti
617 1306 752 1357 cisalpinam
769 1305 865 1346 Galliam
879 1307 975 1348 Antonio
988 1308 1083 1348 obsiste·

96 1363 146 1409 ret,
164 1360 271 1400 Mutinam
285 1370 334 1400 cum
348 1360 449 1399 exercitu
464 1360 589 1411 occupavit.
608 1363 724 1412 praeterea
743 1359 867 1399 discursum
882 1361 1083 1414 utriusquepartis

97 1414 197 1454 virorum
211 1412 240 1453 sd
252 1412 395 1467 accipiendas
409 1415 535 1465 provincias
549 1416 716 1466 apparatuque
730 1410 786 1453 belli
800 1414 907 1454 continet.

153 1466 248 1508 cxvni.
266 1467 298 1509 M.
318 1466 400 1507 Brutus
419 1468 441 1507 in
464 1467 557 1508 Graecia
574 1468 616 1508 sub
634 1469 755 1520 praetorto
774 1466 808 1507 rei
828 1466 932 1519 publicae
946 1469 969 1506 st
982 1465 1082 1517 suscepti

97 1529 176 1562 contra
190 1522 221 1563 Μ.
234 1523 354 1562 Antonium
374 1520 428 1561 belli
449 1522 581 1569 exercitum,
602 1521 637 1561 cui
652 1522 755 1561 Vstlnius
769 1525 884 1572 praeerat,
903 1530 953 1561 eum
967 1519 1082 1571 provincis

97 1577 121 1615 in
137 1577 269 1626 potestatem
284 1585 347 1616 susm
361 1573 455 1628 redegit.
472 1576 498 1619 c.
508 1574 606 1625 Caesari,
622 1574 661 1626 qul
677 1586 717 1627 pro
732 1574 860 1625 republica
875 1585 936 1615 arma
948 1575 1081 1625 sumpserat,

98 1631 248 1683 propraetoris
262 1630 377 1682 Imperium
397 1639 411 1668 a
429 1633 508 1670 senatu
523 1628 597 1669 datum
613 1632 648 1670 est
662 1639 712 1669 cum
727 1628 882 1669 consularibus
896 1629 1030 1668 ornamentis
1044 1626 1082 1665 ad-

98 1685 238 1735 lectumque,
254 1685 278 1723 ut
291 1685 382 1723 senator
396 1685 464 1724 esset.
478 1683 510 1724 Μ.
525 1684 635 1724 Antonios
649 1682 680 1725 ll.
695 1684 786 1725 Brutum
800 1682 901 1723 Mutinae
915 1681 1016 1731 obsedit,
1031 1682 1081 1720 mis·

8 1780 10 1786 ,
96 1739 163 1789 sique
181 1738 209 1778 sd
229 1748 279 1777 eum
298 1749 311 1776 s
325 1739 404 1777 senatu
419 1736 486 1788 legati
509 1736 537 1776 de
551 1748 606 1789 pace
621 1748 699 1789 parum
714 1735 743 1776 ad
758 1747 806 1777 eam
821 1735 993 1789 componendam
1008 1736 1081 1775 value-

97 1793 156 1831 runt.
181 1791 277 1844 populus
297 1791 411 1832 Romanus
431 1800 485 1842 saga
506 1791 609 1843 sumpsit.
630 1791 662 1833 Μ.
682 1793 764 1832 Brutus
784 1791 806 1831 in
825 1790 897 1844 Epiro
917 1790 943 1836 G.
962 1790 1081 1832 Antonium

100 1848 228 1941 praedm
240 1845 407 1941 ffiffiffi
420 1845 894 1941 ¹iddnffstiaatiirsdlddeud’lfi‘glotl‘abellae‘occisus
908 1902 950 1940 est.
969 1899 998 1938 ob
1013 1897 1035 1937 id
1050 1896 1081 1937 la-

97 1954 162 1994 cinus
176 1951 296 1994 Dolabella
314 1963 328 1992 a
346 1954 425 1992 senatu
446 1950 519 1993 bostis
539 1952 650 1993 iudicatus
665 1957 708 1994 est.
728 1965 777 1994 eum
790 1954 865 1995 Pansa
878 1952 956 1994 consul
971 1951 1029 1993 male
1042 1950 1081 1992 ad·

98 2017 176 2047 versus
194 2006 313 2048 Antonium
333 2009 466 2058 pugnasset,
486 2008 513 2050 A.
532 2006 616 2048 Hirtius
635 2007 714 2048 consui
733 2019 782 2050 cnm
801 2007 900 2048 exercitu
921 2003 1082 2058 superveniens

98 2061 155 2101 lusis
168 2061 199 2101 M.
212 2060 301 2101 Antonii
316 2059 387 2112 caplis
402 2059 512 2100 fortunam
527 2063 644 2111 utriusque
657 2062 728 2114 partis
741 2064 855 2114 aequavit.
872 2061 944 2101 victua
958 2057 1039 2099 deinde
1053 2058 1081 2096 ab

97 2114 170 2154 Hirtio
185 2116 207 2154 et
222 2114 319 2155 caesare
333 2114 444 2154 Antonino
462 2115 484 2154 in
500 2113 596 2155 Galliam
611 2115 723 2167 confugit,
743 2119 766 2157 et
779 2116 811 2156 Μ.
825 2115 933 2167 Lepidum
947 2125 997 2153 cnm
1011 2111 1080 2162 tegio-

98 2168 174 2214 ribuo‚
195 2177 253 2218 quse
273 2167 316 2206 sub
337 2168 387 2219 ipso
402 2170 477 2218 erant,
497 2167 540 2208 slbl
556 2169 640 2218 iunxit,
659 2168 775 2221 hostisque
790 2180 803 2210 a
821 2172 901 2209 senatu
915 2179 964 2208 cum
978 2166 1081 2206 omnibus

99 2221 137 2273 qul
152 2220 211 2260 lntrs
226 2219 339 2272 praesidia
352 2222 400 2261 eius
415 2224 491 2262 essent
504 2221 615 2263 iudicatus
629 2225 671 2263 est.
685 2226 712 2266 A.
728 2224 825 2272 Hirtius,
846 2223 884 2276 qul
900 2224 951 2274 post
965 2219 1080 2261 victoriam

98 2278 120 2316 in
135 2275 192 2326 ipsis
206 2273 303 2314 bostium
317 2275 398 2315 castris
412 2275 535 2325 ceciderat,
556 2279 579 2316 et
593 2276 618 2318 C.
634 2276 708 2318 Pansa
724 2290 737 2318 e
751 2279 854 2327 vulnere,
876 2276 935 2329 quod
951 2277 973 2316 ln
987 2274 1079 2315 adversa

98 2327 182 2382 proelio
201 2331 335 2380 exceperat,
356 2328 486 2378 teruncius,
506 2330 528 2369 ln
548 2341 626 2382 campo
646 2331 727 2372 Martio
746 2331 830 2385 sepulti
849 2335 908 2373 sunt.
927 2329 1036 2370 adversus
1050 2328 1077 2372 C.

98 2384 226 2431 caesarem,
246 2382 285 2434 qul
299 2383 361 2423 aolus
376 2395 388 2423 e
403 2384 473 2424 tribus
488 2384 582 2425 duclbus
595 2389 724 2436 supererat,
745 2397 821 2438 parum
835 2388 912 2437 gratus
925 2386 1018 2424 senatus
1031 2381 1079 2430 luit,

98 2438 136 2489 qul
156 2435 186 2477 l).
202 2437 271 2477 Bruto
290 2438 406 2478 obsidione
421 2438 543 2479 Mutinensi
563 2451 576 2478 a
591 2439 687 2480 Caesare
706 2439 800 2480 liberato
819 2438 904 2480 bonore
923 2435 1028 2489 triumphi
1042 2434 1079 2475 de·

99 2493 172 2538 creto,
191 2490 294 2532 Caesaris
312 2491 451 2543 militumque
473 2492 523 2532 elus
540 2494 675 2534 mentionem
695 2504 738 2533 non
757 2495 813 2534 satis
833 2497 917 2547 gratam
939 2491 1030 2540 babuit,
1051 2490 1080 2528 ob

99 2555 155 2596 quae
169 2545 194 2587 C.
210 2544 299 2595 Caesar,
314 2547 457 2587 reconciliata
471 2557 511 2600 per
518 2547 549 2587 Μ.
558 2547 666 2600 hepldum
680 2558 730 2588 cum
744 2548 776 2589 M.
784 2548 881 2589 Antonio
895 2547 973 2597 gratia,
988 2545 1080 2587 Romam

100 2610 146 2638 aum
160 2599 260 2638 exercitu
276 2600 346 2649 venit,
366 2604 389 2641 et
407 2601 518 2693 perculsis
533 2600 631 2642 advento
646 2602 694 2642 elus
709 2602 749 2650 ils,
769 2603 807 2655 qui
822 2603 844 2643 ln
859 2613 908 2643 eum
923 2601 995 2653 iniqui
1009 2600 1074 2646 crant,

100 2662 146 2691 cum
160 2662 229 2692 annos
244 2652 395 2694 novemdecim

151 2704 217 2746 CXX.
237 2704 318 2746 caesar
332 2707 411 2747 consui
425 2707 496 2760 legem
512 2709 562 2749 tulit
577 2709 605 2749 de
620 2711 751 2761 quaestione
765 2709 905 2751 habandein
921 2720 970 2759 ecs,
986 2717 1077 2761 quorum

99 2759 784 2857 titt.mittite„itti„t⁰⁸t·‚¹t²lif¹tt:„lttnll
796 2766 887 2858 itit:
901 2763 1079 2869 &Mididi

99 2868 122 2906 et
135 2865 249 2906 Munatius
263 2864 359 2906 Plancus
373 2878 422 2907 cum
437 2869 572 2908 exercitibus
586 2869 635 2908 suls
654 2868 753 2910 adiuncti
766 2871 923 2922 ampliassent,
943 2873 966 2912 et
979 2870 1009 2914 D.
1024 2870 1078 2912 Bru-

99 2925 145 2969 tus,
161 2922 195 2960 cui
211 2920 302 2960 senatus
317 2923 340 2959 ut
355 2924 527 2973 persequeretur
542 2923 661 2962 Antonium
676 2923 830 2973 mandaverat,
853 2924 945 2966 relictus
960 2936 973 2964 a
988 2923 1078 2975 legioni·

100 2974 139 3013 bus
152 2975 200 3014 suis
215 2974 362 3025 profugisset,
383 2976 444 3014 iussu
459 2975 562 3024 Antonii,
577 2976 599 3015 ln
614 2976 677 3016 cuius
692 2978 825 3028 potestatem
841 2980 944 3028 venerat,
960 2990 974 3018 a
988 2977 1078 3030 Capeno

99 3028 202 3079 Sequano
217 3027 346 3068 interiectus
361 3031 404 3069 est.
420 3030 446 3074 t'.
462 3028 545 3069 Caesar
559 3039 635 3081 pacem
651 3041 700 3070 cum
714 3032 811 3071 Antonio
826 3035 849 3073 et
863 3031 949 3085 Lepido
964 3032 1030 3083 iecit,
1046 3033 1078 3074 its

100 3085 122 3123 ut
136 3082 225 3123 tresviri
243 3082 276 3122 rei
297 3083 399 3134 publicae
419 3083 590 3124 constituendae
604 3094 645 3137 per
659 3085 835 3136 quinquennium
849 3089 925 3127 essent
939 3087 988 3141 lpse
1002 3089 1025 3126 et
1038 3087 1078 3128 be·

100 3135 162 3189 pidus
177 3139 199 3176 et
212 3137 334 3186 Antonius,
354 3139 377 3178 et
391 3139 416 3176 ut
430 3147 482 3178 auos
497 3137 593 3190 quisque
612 3138 712 3178 inimicos
728 3140 901 3190 proscriberent;
921 3142 943 3181 in
963 3151 1007 3193 qua
1027 3152 1078 3192 pro·

98 3191 215 3243 scriptione
236 3190 325 3243 plurimi
344 3193 433 3243 equites
447 3191 552 3240 Romani,
573 3194 660 3232 centum
681 3194 773 3245 triginta
785 3197 913 3235 senatorum
927 3198 1016 3236 nomina
1030 3195 1077 3234 lue·

98 3247 152 3293 runt,
168 3249 191 3284 et
204 3246 263 3285 inter
278 3254 317 3285 eos
330 3245 356 3289 L.
369 3244 434 3286 Pauli
449 3244 526 3285 fratris
540 3246 571 3291 M.
586 3246 673 3299 Lepidi,
689 3249 715 3287 et,
722 3247 748 3292 L.
758 3249 859 3292 Caesaris
867 3250 957 3290 Antonii
965 3246 1076 3296 avunculi,

99 3301 120 3339 et
132 3299 163 3339 Μ.
175 3299 295 3340 Ciceronis.
311 3297 376 3339 buius
391 3299 459 3339 occisi
471 3310 484 3339 a
495 3299 592 3353 Popillio
607 3299 727 3351 legionario
741 3302 819 3353 milite,
835 3315 885 3344 cum
899 3302 992 3344 baberet
1005 3310 1076 3340 annos

98 3353 209 3403 sexaginta
223 3356 276 3402 tres,
293 3356 360 3406 eaput
375 3364 467 3405 quoque
481 3365 531 3395 cum
545 3354 624 3395 dextra
638 3366 702 3394 manu
717 3356 738 3395 ln
754 3358 832 3397 rostris
847 3358 943 3410 positum
954 3358 997 3398 est.
1013 3364 1075 3406 prse-

98 3408 155 3446 terea
168 3416 205 3446 res
218 3418 232 3448 a
246 3406 277 3448 Μ.
292 3408 360 3448 Bruto
374 3407 397 3447 ln
412 3408 505 3448 Graecia
519 3411 595 3461 gestas
609 3409 715 3449 continet.

148 3458 225 3502 CXXl.
245 3459 271 3504 c.
287 3460 390 3510 Cassius,
405 3462 441 3501 cul
455 3462 583 3502 mandatum
597 3474 611 3501 a
625 3466 703 3503 senatu
718 3466 778 3512 erat,
794 3466 818 3503 ut
831 3460 974 3504 Dolabellam
989 3458 1074 3501 bostem

100 3511 214 3554 iudicatum
229 3514 288 3555 bello
303 3518 487 3568 persequeretur,
507 3518 685 3559 auctoritateret
704 3516 808 3571 publicae
821 3516 911 3557 adiutus
925 3513 1012 3566 Syriam
1027 3524 1075 3554 cum

426 2655 509 2705 aberet,
525 2655 602 2695 consui
616 2657 704 2696 creatus
718 2659 762 2696 eat.
