2642 4017
222 371 226 378 ,
297 283 413 346 amsa
426 284 558 346 xxxue
580 282 664 345 ear.
679 291 723 346 sa.
746 288 902 361 [sena]
1047 286 1092 350 aa

115 433 312 496 destinabant
341 450 412 495 nam
427 433 483 495 etsi
500 433 598 494 minor
616 438 716 494 aetate
732 449 824 508 quam
842 432 973 497 Perseus
994 447 1088 513 esset,

114 517 192 578 hune
206 518 286 579 iusta
299 516 540 592 matrefamlllae,
555 516 639 577 illum
653 516 763 593 pellice
778 523 876 579 ortum
890 533 979 589 esser
1006 520 1089 582 ibunt

115 608 146 660 ut
172 617 212 661 ex
240 602 364 677 vulgate
390 615 522 677 corpore
542 600 678 676 genitum
691 602 806 662 nullam
823 601 898 662 certi
917 602 1087 678 patrisne

114 690 172 744 tam
186 685 317 761 habere,
337 685 420 745 hunc
441 683 592 760 insignem
610 683 741 761 Philippi
761 684 987 747 similitudinem
1014 703 1089 765 prae

115 769 257 829 selene.
294 769 334 829 ad
354 769 415 830 hoc
430 768 589 830 Romanos
605 767 792 829 Demetrium
819 769 850 830 in
879 777 1006 847 patemo
1037 785 1088 832 so·

114 852 154 913 lio
182 854 356 926 locaturus,
384 852 488 913 Persei
511 851 630 912 >nullam
657 851 741 927 apud
767 867 823 913 eos
848 854 974 929 gratiam
1006 869 1088 915 esse.

112 934 186 996 haec
199 936 294 1012 vulgo
308 934 520 1012 loquebamur.
549 935 653 1009 itaque
673 943 704 995 et
722 934 835 996 Persea
854 952 928 998 eura
948 937 1088 1014 ungebat,

111 1035 149 1079 ne
162 1035 271 1096 parum
285 1035 342 1096 pro
356 1034 392 1079 se
405 1036 466 1080 una
479 1025 565 1080 aetas
580 1020 703 1091 valeret
719 1033 788 1080 eum
800 1019 944 1083 enmibos
958 1021 1027 1082 aliis
1041 1037 1089 1082 re·

111 1102 167 1163 bus
182 1104 277 1165 lrater
291 1103 432 1179 superior
447 1109 546 1174 essete
562 1108 593 1163 et
605 1101 766 1179 Philippus
780 1102 864 1180 lpse,
879 1105 931 1165 vix
945 1105 993 1166 sui
1007 1104 1087 1166 arbi·

111 1187 158 1246 trii
172 1187 256 1261 lore,
279 1202 370 1264 quem
388 1186 534 1248 heredem
553 1186 640 1262 regni
657 1186 844 1261 relinqueret
862 1188 1007 1261 medeas,
1029 1189 1088 1250 sibl

111 1286 235 1347 quoque
250 1270 422 1347 gmviorem
443 1286 515 1332 esse
535 1286 628 1346 quam
648 1270 740 1330 vellet
759 1271 906 1333 minorem
917 1272 1012 1333 hlium
1026 1273 1088 1333 aie

110 1352 169 1414 bat
195 1353 408 1415 offendebatur
416 1354 569 1416 interdum
581 1369 733 1415 concursu
743 1353 947 1416 Macedonum
958 1356 998 1415 ad
1009 1370 1088 1430 eum,

110 1444 140 1497 et
152 1438 279 1499 alteram
293 1438 353 1499 iam
368 1454 403 1499 se
418 1440 489 1499 vivo
507 1437 622 1513 regiam
637 1453 709 1500 esse
725 1437 948 1515 indignabatur.
977 1439 1089 1515 etipse

110 1518 231 1582 iuvenis
257 1521 339 1582 haud
362 1521 455 1583 dubie
478 1520 612 1582 inflatior
634 1522 783 1596 redierat,
805 1522 952 1584 subnisus
967 1537 1041 1597 erga
1053 1536 1089 1583 se

110 1602 230 1665 iudieiis
245 1612 387 1678 senatus,
402 1605 624 1680 concessisque
648 1604 708 1666 sibi
722 1621 803 1682 quae
824 1607 901 1682 patri
915 1612 1025 1681 negata
1039 1620 1088 1667 es·

111 1696 196 1760 sent;
217 1696 247 1749 et
267 1689 366 1750 omnis
386 1689 498 1750 mentio
520 1690 728 1750 Romanarum
749 1697 893 1764 quantam
913 1689 1089 1765 dignitatem

111 1771 139 1829 ei
153 1772 238 1848 apud
260 1780 379 1835 eeteros
400 1771 602 1846 Macedonas,
622 1778 738 1833 matam
757 1772 902 1834 invidiam
921 1789 983 1835 non
1005 1772 1089 1850 apud

110 1856 232 1917 fratrem
246 1857 340 1917 modo
356 1858 413 1917 sed
427 1856 517 1917 wem
538 1855 621 1930 apud
642 1861 759 1930 patrem
772 1857 969 1933 conciliabat,
983 1857 1089 1932 utique

110 1947 275 2015 postquam
288 1941 379 2015 legati
393 1940 444 2001 alii
458 1940 588 2001 Romani
605 1945 760 2015 venerunt,
775 1946 806 2000 et
820 1941 986 2016 cogebatur
1000 1941 1088 2000 dece·

5 2031 10 2056 t
110 2022 182 2084 dere
194 2024 324 2084 Thracia
337 2023 553 2100 praesidiaque
566 2023 721 2084 deducere
735 2030 766 2084 et
779 2024 838 2085 alia
848 2030 899 2085 aut
911 2039 951 2085 ex
966 2024 1089 2084 decreto

111 2107 245 2180 priorum
261 2109 428 2183 legatorum
443 2114 496 2167 aut
516 2122 555 2167 ex
569 2123 651 2167 nova
670 2108 885 2169 constitutione
903 2115 1030 2169 senatus
1045 2108 1087 2166 la·

111 2197 188 2251 cere.
216 2192 276 2253 sed
291 2192 393 2252 omnia
406 2206 546 2252 maerens
564 2189 688 2267 quidem
712 2197 743 2251 et
765 2207 907 2267 gemens,
932 2208 970 2253 eo
991 2190 1090 2266 magis

111 2276 192 2346 quod
206 2275 303 2336 fllium
318 2275 555 2350 frequentiorem
577 2291 676 2351 prope
696 2291 767 2336 eum
787 2276 855 2335 aliis
877 2291 968 2349 quam
982 2289 1090 2334 secum

112 2359 267 2431 comebat,
284 2357 463 2420 obedienter
476 2365 579 2419 tamen
592 2359 746 2420 adversus
766 2358 923 2419 Romanos
948 2356 1088 2429 faciebat,

111 2456 147 2501 ne
164 2458 258 2517 quam
274 2443 417 2503 movendi
428 2443 583 2520 extemplo
593 2442 666 2503 belli
678 2457 803 2504 eausam
815 2440 983 2518 praeberet.
999 2439 1090 2500 etiam

110 2525 295 2588 avertendas
309 2526 429 2588 ammos
445 2543 464 2587 a
478 2526 657 2603 suspicione
667 2527 771 2587 talium
782 2525 978 2587 consiliomm
992 2532 1087 2597 ratus,

109 2610 239 2671 mediam
254 2611 285 2671 in
298 2610 458 2671 Thraciam
477 2611 643 2671 exereitum
661 2609 693 2671 ia
714 2609 855 2689 Odrysas
876 2617 907 2670 et
925 2607 1088 2670 Denthele-

109 2699 156 2753 tos
170 2701 200 2754 et
212 2696 332 2756 Bessos
347 2694 447 2755 duxit=
468 2694 696 2771 Philippopolin
716 2693 823 2755 urbem
844 2693 916 2769 luga
936 2694 1090 2754 desertam

111 2779 351 2853 oppidanorum,
368 2779 420 2854 qui
437 2779 468 2839 in
483 2779 623 2855 proxima
635 2778 785 2840 montium
797 2777 869 2852 iuga
883 2792 952 2838 eum
967 2775 1089 2838 familiis

110 2869 288 2937 receperant
307 2878 394 2937 sese,
417 2863 514 2940 cepit,
535 2868 786 2938 campestresque
808 2859 971 2935 barbaros,
992 2860 1089 2935 depo-

111 2945 228 3017 pulatus
246 2961 339 3022 egres
353 2962 473 3020 eorum,
489 2946 520 3006 in
535 2946 721 3007 deditionem
741 2943 869 3020 accepit.
897 2943 1002 3005 relicto
1016 2943 1090 3004 inde

111 3028 149 3086 ad
166 3028 395 3106 Philippopolin
412 3029 586 3106 praesidio,
613 3029 698 3105 quod
722 3028 806 3089 haud
830 3027 923 3090 multe
952 3036 1026 3103 post
1049 3026 1089 3088 ab

8 3173 15 3202 ,
112 3108 240 3191 Odrysis
255 3115 418 3189 expulsum
433 3121 495 3190 est,
510 3112 657 3190 oppidum
671 3113 702 3173 ia
715 3111 873 3188 Deuriopo
895 3112 1030 3173 condere
1043 3111 1090 3172 in·

111 3194 201 3257 stituit
217 3230 256 3244 -
270 3196 422 3258 Paeoniae
436 3214 474 3258 ea
486 3197 571 3273 regio
586 3202 634 3257 est
647 3229 705 3273 -,
726 3211 826 3273 prope
844 3195 1010 3272 Erigonum
1031 3194 1089 3257 llu-

112 3276 202 3352 dum,
220 3280 272 3355 qui
287 3295 327 3340 ex
339 3282 462 3359 illyrico
478 3297 535 3357 per
553 3279 717 3341 Paeoniam
737 3279 838 3341 lluens
853 3280 884 3341 in
897 3281 1011 3342 Axium
1025 3295 1089 3339 am·

111 3373 177 3421 nem
192 3364 306 3436 editur,
322 3364 404 3425 haud
418 3365 526 3441 procul
540 3363 659 3439 Stobis,
674 3370 779 3424 vetere
792 3362 884 3425 urbes
905 3378 1015 3425 novam
1039 3377 1088 3419 ur·

112 3438 352 3592 zermigsesrlselda,
369 3455 402 3509 ut
412 3449 439 3509 is
454 3448 518 3509 illio
531 3448 640 3510 maiori
660 3448 824 3509 haberetur
842 3447 959 3521 honos,
984 3442 1084 3520 appel

149 3626 175 3670 r.
189 3628 251 3674 amr
265 3576 342 3675 rans
356 3616 395 3673 V.
865 3622 883 3674 4
