2642 4017
337 268 526 329 LIBERXL.
550 269 869 351 CAP.12.[a.c.182]
1047 274 1089 338 dt

101 418 268 495 perlusum
283 415 358 478 lietu
375 425 539 492 appareret
559 419 701 480 omnibus
715 419 801 497 loqui
814 436 876 481 non
891 437 998 498 posse.
1025 431 1090 487 tan-

102 502 178 563 dem
200 501 272 561 vicit
292 501 430 562 dolorem
450 501 520 577 ipsa
534 501 721 579 necessitas,
742 519 811 564 cum
826 505 929 566 dicere
942 507 1089 584 iuberent

102 592 202 661 atque
216 583 258 645 ita
279 599 370 645 orsus
392 589 449 645 est.
475 584 601 660 „omnia
621 602 702 663 quae
724 601 847 648 reomnr
869 597 958 650 antea
971 590 1091 651 luerant

101 669 230 741 auxilia,
244 672 338 743 pater,
352 669 593 744 praeoccupavit
603 676 775 731 accusator.
796 669 945 734 simulatis
957 672 1090 735 lacrimis

101 752 134 813 in
157 751 283 813 alterius
304 750 471 827 perniciem
491 767 581 816 veras
602 768 688 813 meas
704 753 844 815 lacrimas
859 763 1021 832 suspectas
1036 758 1090 818 tibi

102 836 186 896 lecit.
214 836 382 910 cumipse,
403 849 442 894 ex
457 851 519 911 qno
535 835 574 896 ab
587 836 686 897 Roma
700 835 793 909 redii,
815 853 872 914 per
885 841 1006 901 occulta
1020 856 1089 901 cum

102 921 171 980 suis
193 918 350 1003 colloquia
370 918 436 979 dies
458 927 628 996 nouasque
648 919 824 994 insidietur,
845 923 1012 985 ultro'milri
1026 939 1087 986 non

101 1002 293 1064 insidiatoris
308 1002 411 1063 modo
436 1003 494 1063 sed
517 1004 645 1065 latronis
670 1004 822 1066 manifesti
841 1013 872 1066 et
892 1007 1087 1081 percussoris

103 1085 243 1164 speciem
257 1085 362 1147 induit.
384 1086 522 1162 periculo
538 1103 596 1149 suo
610 1094 642 1148 te
655 1094 802 1163 exterret,
817 1095 851 1149 nt
864 1089 989 1151 innoxio
1003 1090 1087 1151 lraui

102 1186 162 1246 per
172 1170 304 1231 eundem
314 1176 346 1230 te
356 1176 486 1232 maturet
496 1170 670 1246 perniciem.
687 1172 857 1248 periurium
868 1173 926 1234 sibi
933 1189 1085 1250 nusquam

102 1254 239 1330 gentium
252 1269 325 1315 esse
339 1253 389 1327 ait,
404 1260 439 1314 ut
447 1269 507 1329 ego
519 1270 558 1315 ne
569 1255 653 1331 apud
663 1263 694 1317 te
706 1256 830 1332 quidem
840 1257 910 1333 spei
921 1257 1087 1334 quicquam

102 1339 242 1413 reliquae
266 1336 406 1397 habeam.
442 1337 680 1400 circumventum
703 1340 804 1401 solum
824 1338 948 1415 inopem
972 1339 1087 1400 invidia

102 1419 220 1498 gratiae
235 1427 388 1494 externae,
405 1436 485 1497 quae
498 1421 587 1484 obest
597 1422 701 1499 potins
713 1438 805 1499 quam
817 1423 955 1498 prodest
970 1429 1086 1483 onerat

102 1504 165 1566 iam
189 1504 264 1565 illud
289 1519 380 1581 quam
402 1506 607 1581 accusatorie,
634 1506 719 1582 quod
739 1506 840 1567 nactis
860 1505 952 1566 huius
972 1505 1086 1566 crimen

102 1587 226 1649 miscuit
237 1604 305 1648 cum
317 1594 418 1648 cetera
428 1588 628 1651 insectatione
639 1589 721 1649 vitae
731 1603 827 1663 meae,
837 1594 871 1649 ut
880 1595 911 1649 et
919 1587 989 1662 hoc,
1002 1589 1087 1664 quod

102 1673 164 1734 iam
186 1674 277 1748 quale
296 1673 337 1733 sit
355 1671 452 1748 scies,
474 1680 654 1749 suspectum
674 1670 734 1733 alic
747 1671 829 1732 vitae
842 1678 966 1733 nostrae
979 1680 1086 1734 tenore

102 1758 228 1830 laceret,
242 1761 274 1816 et
286 1756 367 1815 illam
381 1770 491 1817 vanam
506 1754 745 1816 criminationem
760 1755 1002 1832 spelvoluntatis
1013 1771 1085 1818 con·

101 1838 242 1901 siliarum
265 1851 403 1900 mearum
422 1846 572 1902 nocturno
592 1838 654 1899 hoc
672 1837 745 1900 licto
766 1846 797 1901 et
810 1839 981 1915 composito
996 1855 1087 1915 argu-

101 1930 206 1985 menta
227 1922 368 1983 fulciret!
395 1923 484 1984 simul
505 1931 536 1984 et
554 1923 630 1984 illud
649 1920 815 1998 quaesivit,
837 1929 872 1983 ut
883 1923 1043 1997 repentina
1057 1931 1087 1984 et

103 2008 227 2069 minime
241 2012 424 2083 praeparata
439 2005 595 2069 accusatio
609 2005 780 2081 videretur,
802 2005 918 2083 quippe
933 2021 973 2066 ox
986 2006 1085 2067 noctis

69 2157 78 2176 ,
102 2091 194 2152 nnius
214 2096 297 2151 metu
316 2096 348 2150 et
363 2093 493 2151 tumultu
506 2090 666 2168 repentino
681 2097 797 2152 exorta.
826 2089 962 2167 oportuit
976 2095 1086 2164 autem,

100 2174 227 2249 Perseu,
243 2173 270 2234 si
285 2173 426 2250 proditor
439 2189 497 2249 ego
512 2175 608 2250 patris
623 2172 774 2250 regnique
788 2189 881 2250 eram,
898 2173 927 2234 si
941 2189 1010 2235 cum
1023 2174 1085 2235 Ro·

101 2257 217 2332 manis,
239 2257 266 2319 si
288 2273 357 2319 cnm
378 2257 446 2318 aliis
460 2255 590 2320 inimicis
605 2257 702 2334 patris
718 2255 844 2318 inieram
860 2257 1002 2329 consilia,
1023 2274 1085 2319 nnn

102 2347 314 2418 exspectatam
338 2341 471 2402 tabulam
491 2342 591 2403 noctis
608 2341 700 2402 huius
715 2356 804 2414 esse,
824 2340 882 2402 sed
903 2338 1086 2416 proditionis

102 2440 191 2486 meae
212 2431 282 2485 ante
302 2440 351 2485 me
371 2431 564 2486 accusatum=
587 2425 615 2485 si
635 2424 687 2485 illa
706 2431 851 2500 separata
866 2423 926 2484 hac
939 2438 1021 2483 vana
1035 2438 1085 2483 aa·

102 2509 222 2571 cusatio
243 2515 309 2569 erat
327 2507 536 2584 invidiamque
550 2514 632 2569 tuam
652 2509 803 2570 adversus
818 2523 867 2568 me
880 2507 978 2583 magis
994 2522 1086 2581 quam

102 2594 218 2654 crimen
231 2608 333 2653 meum
350 2591 534 2667 indicatura,
554 2590 647 2652 hodie
661 2607 788 2668 quoque
802 2607 871 2656 eam
884 2597 937 2652 aut
950 2598 1086 2666 praeter·

101 2677 177 2738 mitti
191 2683 244 2736 aut
256 2676 286 2736 in
302 2675 384 2736 aliud
398 2680 520 2751 tempus
535 2674 667 2749 differri,
683 2681 719 2735 ut
731 2675 971 2751 perspiceretur,
984 2679 1086 2734 utrum

102 2761 172 2836 ipse
185 2776 244 2835 ego
258 2758 312 2819 tibi
326 2775 365 2819 an
379 2764 413 2818 tu
427 2757 515 2833 milri,
534 2775 616 2821 nova
629 2758 754 2834 quidem
768 2765 799 2819 et
812 2758 959 2833 singulari
972 2757 1086 2833 genere

103 2844 174 2917 odii,
189 2841 317 2904 insidias
333 2843 473 2904 fecisses.
506 2858 564 2918 ega
578 2848 688 2916 minen,
705 2850 851 2917 quantum
865 2842 896 2902 in
910 2840 970 2901 hac
984 2839 1087 2901 subita

103 2925 329 3004 perturbatione
342 2933 467 3002 potero,
489 2926 641 3001 separabo
657 2941 710 2999 aa,
726 2940 806 3001 quae
819 2933 853 2986 tu
867 2924 1041 2999 conludisti,
1055 2930 1087 2983 et

101 3007 201 3072 noctis
221 3010 312 3071 huius
333 3009 462 3070 insidias
481 3016 535 3069 aut
554 3015 623 3069 tuas
643 3015 697 3070 aut
715 3024 801 3070 meas
822 3009 971 3082 detegam.
1005 3007 1086 3068 occi·

102 3094 196 3154 dendi
218 3094 266 3154 sui
281 3091 442 3154 consilium
457 3092 554 3154 inisse
569 3108 618 3153 me
632 3091 731 3152 videri
744 3093 822 3166 vult,
842 3099 876 3154 ut
889 3091 1008 3153 scilicet
1021 3107 1085 3152 nra·

101 3179 167 3240 iore
180 3179 274 3238 tratre
288 3178 419 3253 sublato,
434 3177 522 3237 cuius
535 3176 602 3236 iure
615 3176 760 3252 gentium,
775 3191 861 3238 more
871 3175 1084 3247 Macedonum,
1127 3220 1131 3225 .

102 3269 154 3324 tuo
170 3259 277 3336 etiam,
292 3268 326 3323 ut
339 3261 393 3336 ait,
408 3261 521 3322 iudicio
536 3276 665 3337 regnum
681 3266 729 3322 est
742 3261 890 3336 laturum,
912 3275 970 3336 ego
985 3259 1085 3323 minor

100 3348 131 3408 in
149 3346 225 3419 eins,
243 3361 335 3422 quern
350 3343 549 3421 occidissem,
564 3345 763 3407 succederem
778 3345 889 3408 locum.
921 3343 996 3421 quid
1009 3356 1084 3414 ergo

100 3432 152 3492 illa
167 3428 226 3492 sibi
240 3431 306 3491 vult
319 3445 393 3506 pars
408 3430 503 3489 altera
516 3428 672 3504 orationis,
689 3444 750 3505 oua
760 3429 917 3489 Romanos
929 3441 949 3485 a
959 3439 1009 3483 me
1020 3424 1083 3481 cul-

101 3523 150 3577 tos
171 3515 216 3575 ait
233 3520 325 3591 atque
345 3529 450 3574 eorum
471 3513 585 3579 fiducia
603 3511 635 3572 t'n
656 3528 746 3590 spem
765 3522 852 3597 regni
870 3525 919 3570 me
938 3504 1083 3566 venisset
