2642 4017
280 234 398 295 LIBER
412 234 474 295 xL.
497 232 580 295 cAP.
594 240 622 296 9.
634 243 677 297 10.
698 240 735 309 [e.
747 239 780 295 C.
793 239 854 308 182]
1015 233 1056 299 ol

66 403 138 466 quo
155 390 333 462 querentem
347 379 448 444 audis.
474 382 548 444 nihil
562 398 630 460 ego,
645 392 800 461 tamquam
814 393 984 460 accusator,
1000 385 1057 446 cn·-

64 470 195 532 nrinose
208 483 267 529 nec
281 467 375 529 dubia
388 466 575 542 argumentis
590 467 763 543 colligendo
775 483 844 543 ago.
867 469 942 544 quid
956 468 1060 530 enimi

65 560 167 630 neget
187 567 223 613 se
242 567 312 612 cum
331 550 521 612 multitudine
539 551 666 612 venisse
686 551 727 611 ad
746 551 867 613 ianuam
883 567 997 627 meam,
1017 567 1057 612 an

67 640 157 699 ferro
168 636 346 697 succinctos
361 649 467 694 secum
477 634 597 695 luisset
610 650 690 711 quos
701 635 910 710 nominavero,
921 650 1057 697 arcesse.

66 730 210 799 possunt
230 718 356 795 quidem
378 715 481 777 omnia
500 718 616 778 audere
638 718 691 793 qui
712 717 773 779 hoc
792 718 860 780 ausi
879 725 967 780 sunt=
995 734 1058 779 non

67 815 175 867 tamen
187 802 345 864 audebunt
355 816 479 877 negare.
501 800 529 861 si
543 800 756 876 deprehensos
768 801 847 863 intra
855 801 946 863 limen
957 818 1058 864 meum

68 904 144 949 cum
165 888 248 948 lerro
262 885 302 945 ad
316 891 347 944 te
361 884 561 956 deducerem,
581 900 647 945 rem
661 900 718 960 pro
733 885 895 948 manifesto
910 885 1058 948 hebereos

67 974 205 1033 latentes
225 986 284 1046 pro
304 966 506 1043 deprehensis
525 966 615 1027 habe.
642 967 680 1027 X.
701 984 865 1030 exsecrare
878 985 960 1031 nunc
974 970 1058 1046 eupi-

69 1050 311 1128 ditatemregni,
325 1050 463 1113 etruriae
478 1051 627 1111 fraternas
642 1053 772 1114 concita.
794 1052 851 1114 sed
865 1069 905 1113 ne
916 1054 978 1115 sint
988 1068 1058 1114 cee-

69 1154 141 1212 cae,
156 1144 259 1214 pater,
281 1134 509 1195 exsecrationes
525 1140 610 1209 tuae,
626 1133 783 1209 discerne,
798 1136 920 1212 dispice
933 1136 1057 1198 insidia·

68 1230 173 1284 torem
204 1227 235 1281 et
258 1218 385 1294 petitum
409 1216 545 1278 insidiisz
579 1217 704 1280 noxium
729 1219 854 1282 incesse
875 1228 977 1296 caput
1006 1220 1058 1295 qui

70 1305 237 1367 occisurus
253 1304 376 1363 fratrem
391 1300 455 1373 leit,
470 1300 583 1362 habeat
595 1301 684 1362 etiam
699 1303 794 1365 iratos
806 1312 953 1380 paternos
965 1303 1058 1364 deosr

71 1388 128 1463 qui
143 1387 297 1465 periturus
311 1385 444 1445 fraterno
458 1386 576 1446 scelere
590 1384 654 1461 luit
669 1387 843 1463 perfugium
854 1388 884 1447 in
895 1386 993 1463 patris
1003 1386 1058 1446 mi·

70 1470 245 1533 sericordia
255 1476 286 1530 et
299 1468 413 1529 iustitia
422 1468 543 1529 habeat.
568 1486 630 1545 quo
641 1470 723 1529 enim
737 1469 797 1532 alio
811 1470 994 1546 confugiam,
1009 1469 1059 1529 eui

71 1570 139 1617 oon
150 1555 299 1615 sollemne
313 1552 439 1612 lustrale
450 1552 604 1613 exereitus
616 1552 670 1629 tui,
684 1569 747 1613 non
759 1553 911 1615 decursus
923 1552 1059 1627 militum,

71 1654 138 1700 non
154 1638 275 1709 domus,
290 1651 352 1695 non
367 1635 485 1711 epulae,
501 1650 563 1696 non
578 1650 641 1696 nox
654 1636 696 1696 ad
708 1636 840 1711 quietem
851 1636 1060 1699 datenaturoo

72 1720 227 1782 beneflcio
240 1718 418 1781 mortalibus
431 1724 496 1780 tuta
510 1724 579 1778 esti
599 1717 626 1777 si
640 1717 706 1779 iero
718 1718 759 1778 ed
772 1720 895 1781 uauem
905 1718 1056 1795 invitatus,

71 1804 267 1866 moriendum
281 1810 344 1871 este
366 1802 394 1863 si
407 1817 556 1879 recepero
570 1802 649 1863 intra
662 1802 784 1863 ianuam
801 1804 981 1865 comisatum
999 1806 1058 1864 lra-

73 1898 169 1962 trem,
189 1887 381 1949 moriendum
402 1894 465 1949 este
493 1900 551 1947 nec
572 1887 676 1948 eundo
690 1901 749 1948 nce
764 1888 915 1948 manendo
930 1885 1060 1948 insidias

74 1973 169 2033 evito.
191 1986 253 2047 qno
268 1986 317 2032 me
332 1971 511 2032 conferamt
530 1969 604 2031 nihil
617 1976 741 2047 praeter
754 1971 848 2046 deos,
866 1977 969 2047 peter,
985 1975 1016 2030 et
1028 1975 1060 2030 te

75 2055 168 2117 colui.
195 2071 257 2120 noe
270 2057 427 2117 Romanos
447 2053 547 2115 habeo
568 2055 609 2116 ad
629 2070 710 2132 quos
728 2055 916 2131 conltrgiamr
937 2053 1059 2130 perisse

75 2145 238 2214 expetunt,
261 2139 334 2214 quia
347 2138 407 2199 tuis
422 2136 541 2200 iniuriis
556 2140 664 2212 doleo,
681 2139 753 2216 quia
773 2138 827 2199 tibi
841 2139 1001 2214 ademptas
1015 2143 1060 2199 tot

77 2222 185 2298 nrbes,
205 2227 250 2283 tot
262 2231 379 2297 gentes,
396 2223 489 2284 modo
502 2221 651 2282 lirraciae
665 2222 845 2284 maritimam
859 2236 959 2295 oram,
981 2221 1058 2281 indi·

76 2322 163 2382 gnon.
190 2321 248 2366 nec
262 2320 312 2366 me
325 2321 383 2365 nec
396 2312 427 2365 te
440 2305 585 2368 incolumi
598 2305 810 2367 Macedoniam
825 2321 913 2366 suem
928 2305 1060 2367 futuam

76 2394 212 2465 sperant
236 2388 263 2450 si
277 2405 326 2449 me
337 2390 441 2450 scelus
452 2389 563 2464 fratris,
578 2396 609 2452 te
618 2398 765 2452 senectus
776 2388 992 2466 absumpserit,
1008 2394 1060 2448 aut

77 2488 117 2533 ne
130 2488 168 2533 ea
184 2473 306 2548 quidem
321 2478 502 2548 exspectate
516 2473 621 2548 luerit,
635 2489 740 2550 regem
752 2488 943 2549 regnumque
957 2470 1059 2532 Mace·

78 2555 188 2617 deniae
208 2571 267 2617 sua
288 2558 389 2617 nature
407 2556 518 2618 sciunt.
549 2556 576 2617 sl
592 2556 667 2632 quid
680 2565 767 2619 extra
779 2556 992 2619 Macedoniam
1005 2554 1060 2616 tlbi

77 2638 206 2700 Romani
225 2640 437 2716 reliquissent,
457 2637 530 2700 mihi
552 2656 678 2716 quoque
691 2641 724 2701 id
743 2641 881 2703 relictum
902 2641 1059 2701 crederem

77 2724 314 2798 receptaculum.
342 2731 373 2784 at
386 2722 416 2783 in
430 2723 653 2785 Macedonibus
675 2724 751 2785 satis
773 2723 920 2800 praesidii
933 2731 991 2786 est.
1012 2723 1058 2784 vi·

79 2805 150 2866 disti
163 2805 306 2868 hesterno
322 2807 372 2867 die
385 2807 531 2882 impetum
545 2807 576 2867 in
590 2822 639 2868 me
649 2807 786 2869 militum.
809 2808 882 2884 quid
893 2806 952 2868 illis
965 2807 1061 2868 demut

78 2888 289 2950 nisilerrumt
316 2891 402 2965 quod
422 2889 482 2951 illis
502 2891 600 2952 deluit
619 2891 766 2964 interdiu,
789 2890 939 2952 convivae
957 2889 1059 2951 iratris

78 2978 170 3033 noctu
183 2973 429 3050 adsumpserunt.
458 2974 533 3050 qnid
547 2975 587 3036 de
600 2990 713 3052 magno
725 2982 812 3050 parte
827 2974 999 3052 principum
1013 2972 1059 3034 lo·

82 3071 169 3130 quar,
191 3057 244 3132 qni
263 3058 294 3117 in
309 3057 456 3119 Romanis
470 3072 559 3135 spem
573 3073 694 3119 omnem
707 3057 861 3133 dignitatis
875 3064 906 3119 et
919 3059 1060 3120 fortunae

80 3146 254 3215 posuerunt,
270 3148 301 3202 et
314 3141 344 3202 in
360 3157 398 3203 eo
413 3138 466 3216 qui
480 3141 584 3203 omnia
597 3142 682 3218 apud
691 3142 850 3204 Romanos
862 3147 985 3218 potesta
1005 3155 1058 3201 ne

82 3238 141 3297 que
158 3222 283 3286 hercule
304 3226 394 3286 istum
416 3224 487 3285 mihl
507 3232 624 3287 tantum
639 3226 724 3287 iratri
737 3225 861 3298 maiori,
887 3226 944 3286 sed
958 3239 1058 3301 propo

82 3313 129 3366 est
140 3313 172 3367 ut
183 3308 238 3367 tibi
253 3323 379 3384 quoque
392 3309 461 3384 ipsi,
475 3306 542 3384 regi
556 3314 587 3371 et
598 3306 686 3384 patri,
700 3310 883 3385 praeierant.
904 3305 963 3370 iste
977 3308 1058 3368 enim

81 3395 136 3464 est,
151 3391 238 3452 euius
252 3391 404 3453 benellcio
420 3408 553 3468 poenam
567 3392 620 3454 tibi
632 3400 760 3455 senatus
773 3393 898 3465 remisit,
914 3391 966 3469 qui
976 3402 1059 3450 nunc

82 3478 111 3531 te
125 3472 161 3534 ab
176 3475 269 3535 armis
283 3476 432 3537 Romanis
445 3475 593 3552 protegit,
616 3476 668 3551 qul
682 3482 765 3537 tuam
778 3483 966 3539 senectutem
981 3470 1056 3532 obli·
