2642 4017
241 296 306 360 aes
392 295 508 357 omna
517 297 622 356 xilv.
645 248 1052 376 cnp.m.u.[·.o.0.sm]
1120 316 1132 321 -

240 458 350 513 neuim
364 451 581 526 imperatorum
595 452 719 511 volente
734 450 870 524 lortuna,
891 464 973 525 quae
993 449 1063 524 plus
1084 448 1222 514 consiliis

240 535 382 597 humanis
406 534 517 610 pollet,
543 532 695 595 contraxit
719 539 882 594 certamem
914 531 1029 593 flumen
1052 539 1117 593 erat
1138 533 1222 596 haud

239 634 384 694 magnum
403 617 534 694 propius
554 616 689 678 hostium
710 617 836 689 castris,
857 632 897 677 ex
912 631 975 692 quo
990 623 1021 677 et
1033 615 1220 679 Macedones

239 708 271 763 et
283 701 413 764 Romani
427 701 620 777 aquabantur
640 699 806 776 praesidiis
820 716 861 760 ex
873 706 1004 774 utraque
1017 699 1087 775 ripa
1100 701 1218 777 positis,

239 792 273 847 ut
286 786 319 847 id
334 787 437 846 lacere
456 791 521 846 tuto
542 790 683 860 possent
703 783 785 844 duae
805 783 949 845 cobortes
970 798 991 843 e
1010 790 1097 858 parte
1110 784 1220 846 Roma·

240 886 349 932 norum
363 876 464 943 mant,
484 867 659 929 Marrucine
672 873 704 928 et
715 866 855 943 Peligna,
877 868 958 929 duaa
971 873 1089 929 turmae
1104 866 1220 928 Samni·

240 954 312 1015 tium
326 952 471 1028 equitum
493 951 606 1028 quibus
619 958 764 1027 praeerat
775 950 826 1012 Μ’.
842 950 970 1027 Sergius
985 949 1070 1013 Silus
1083 953 1219 1027 legatum

172 1107 175 1112 ¹
240 1043 272 1097 ct
285 1036 367 1096 aliud
384 1051 440 1111 pro
456 1034 567 1095 castris
582 1035 728 1097 stativum
742 1041 808 1095 erut
820 1035 1009 1111 praesidium
1028 1036 1088 1096 sub
1104 1035 1136 1096 d.
1152 1035 1218 1097 dlu-

231 1112 290 1180 ‘vio
305 1120 420 1195 iegato,
444 1126 505 1179 tres
521 1118 680 1195 cohortes,
694 1118 836 1179 Firmano
850 1117 981 1180 Vestina
995 1118 1219 1196 Cremonensis,

239 1203 321 1265 duae
333 1209 451 1264 turmae
463 1201 608 1278 equitum,
623 1200 799 1262 Placentina
809 1209 840 1263 et
849 1202 1030 1264 Aesernina
1045 1218 1115 1264 cum
1126 1201 1218 1267 otium

240 1289 280 1348 ad
294 1286 408 1347 flumen
425 1291 509 1347 esset
528 1285 643 1347 neutris
658 1284 893 1360 lacessentibus,
915 1285 993 1347 hora
1006 1286 1125 1348 circiter
1139 1303 1220 1350 nona

239 1370 405 1432 iumentum
429 1386 448 1430 e
471 1366 612 1430 manibus
639 1369 808 1430 curantium
833 1370 972 1444 elapsum
992 1370 1023 1430 in
1043 1369 1220 1432 ulteriorem

238 1455 337 1531 ripam
357 1454 473 1529 effugit
503 1454 587 1529 quod
607 1469 677 1514 cum
698 1469 756 1529 per
774 1468 887 1528 aquam
907 1454 1003 1514 lerme
1016 1469 1115 1528 genus
1130 1460 1219 1516 tenus

239 1539 331 1599 altam
345 1544 408 1599 tres
422 1537 532 1598 milites
547 1545 760 1613 sequerentur,
781 1536 915 1598 Thraces
932 1538 992 1598 duo
1008 1538 1040 1598 id
1054 1538 1220 1599 iumentum

240 1637 282 1682 ex
302 1621 404 1683 medio
425 1623 514 1682 alveo
535 1619 566 1680 iu
580 1637 669 1682 suam
683 1621 783 1697 ripam
795 1620 952 1683 trahentes
970 1619 986 1659 *
1001 1622 1098 1682 altero
1113 1637 1220 1683 eorum

239 1705 344 1765 occiso
363 1710 553 1781 receptoque
572 1704 706 1766 iumento
721 1705 762 1765 ad
777 1705 937 1766 stationem
952 1720 1078 1766 suorum
1092 1721 1128 1766 sc
1142 1706 1220 1767 reci-

238 1786 372 1864 piebant
401 1788 645 1862 octingentorum
664 1788 816 1850 Thracum
837 1787 1025 1864 praesidium
1039 1787 1069 1849 in
1084 1789 1220 1851 hostium

238 1870 307 1946 ripa
321 1877 396 1932 erat.
418 1886 458 1931 ex
471 1870 521 1932 his
537 1871 628 1948 pauci
643 1872 758 1947 primo,
780 1887 873 1948 aegre
888 1873 974 1947 passi
989 1875 1173 1948 popularem
1187 1874 1219 1933 in

239 1971 296 2017 suo
317 1961 491 2031 conspectu
512 1970 653 2032 caesum,
683 1956 724 2016 ad
746 1957 982 2032 persequendos
1007 1957 1220 2018 interfectores

238 2038 365 2101 fluvium
384 2039 572 2115 transgressi
590 2045 678 2115 sunt,
701 2039 771 2100 dein
786 2041 906 2116 plures,
927 2047 1085 2116 postremo
1101 2056 1219 2117 omnes,

237 2131 268 2185 ct
282 2140 350 2185 cum
364 2123 521 2200 praesidio

235 2289 311 2350 XLI.
332 2291 485 2366 proelium
508 2291 600 2352 ducit.
628 2291 773 2351 movebat
793 2288 913 2365 imperii
934 2287 1097 2366 maiestas,
1121 2291 1221 2366 gloria

235 2373 303 2450 viri,
323 2381 394 2436 ante
408 2375 620 2447 amorraeus,
644 2375 730 2449 quod
744 2371 843 2434 maior
856 2373 1016 2448 sexaginta
1030 2375 1119 2435 annis
1133 2375 1219 2436 iuve-

237 2474 309 2518 num
323 2459 428 2518 munia
440 2458 471 2517 in
487 2465 574 2532 parte
587 2458 758 2532 praecipua
772 2455 888 2519 laboris
903 2458 1093 2534 periculique
1108 2472 1218 2535 capes·

238 2540 335 2600 sebat.
358 2540 550 2600 intervalium
565 2538 651 2614 quod
666 2540 745 2601 inter
756 2545 908 2601 caetratos
920 2547 950 2601 et
956 2540 1130 2618 phalanges
1142 2548 1219 2617 erat,

236 2622 373 2697 implevit
386 2622 484 2696 legio,
511 2629 604 2697 atque
624 2621 722 2682 aciem
742 2622 876 2685 hostium
896 2625 1064 2701 interrupit
1090 2642 1111 2685 a
1130 2632 1219 2701 tergo

141 2770 145 2775 ,
236 2705 377 2766 caetratis
392 2713 467 2780 erat,
488 2706 618 2767 irontem
631 2705 784 2767 adversus
799 2707 949 2783 clipeatos
962 2709 1111 2770 habebam
1134 2709 1219 2769 chai-

237 2787 382 2864 easpides
403 2789 647 2867 appellabantur.
677 2791 846 2852 secundam
867 2791 1018 2868 legionem
1037 2793 1071 2852 L.
1086 2792 1220 2855 Albinus

237 2874 410 2935 consularis
430 2875 544 2935 ducere
565 2874 717 2937 adversus
732 2875 942 2952 leucaspidem
957 2877 1139 2952 phalangem
1153 2875 1219 2937 ius·

236 2966 308 3018 sus:
328 2974 367 3019 ea
377 2957 479 3020 media
490 2959 573 3020 acies
583 2958 718 3021 hostium
730 2957 793 3022 luit.
815 2960 847 3020 in
860 2960 1000 3020 dextrum
1011 2975 1117 3033 comu,
1131 2960 1220 3021 unde

235 3040 318 3100 circa
338 3040 465 3104 fluvium
487 3043 684 3104 commissum
705 3041 856 3119 proelium
875 3050 954 3119 erat,
976 3044 1156 3120 elephantos
1171 3044 1218 3104 in·

235 3124 320 3186 ducit
333 3132 365 3186 et
377 3127 443 3187 alas
459 3126 630 3197 sociorum
651 3134 684 3189 et
696 3126 768 3188 hinc
782 3126 914 3203 primum
928 3128 1001 3203 iuga
1011 3128 1217 3190 Macedonum

234 3215 283 3269 est
303 3216 379 3270 orta
408 3225 480 3271 nam
500 3209 580 3272 siout
593 3212 743 3287 pleraque
763 3226 845 3273 nova
859 3218 1031 3273 commenta
1044 3209 1220 3274 mortalium

232 3290 264 3352 in
278 3293 382 3355 verbis
397 3292 459 3355 vim
472 3293 594 3366 habent,
612 3294 812 3370 experiendo,
834 3309 902 3354 cum
917 3294 977 3370 agi,
991 3312 1053 3356 non
1070 3311 1161 3371 quem
1176 3294 1220 3355 ad

233 3377 358 3438 modum
373 3383 505 3452 agantur
518 3375 649 3438 edisseri
664 3384 796 3453 oportet,
810 3377 879 3437 sinc
892 3379 955 3439 uilo
969 3378 1086 3441 eiiectu
1102 3392 1218 3439 evane-

233 3467 337 3536 scunt,
358 3462 401 3522 ite
420 3467 484 3522 tum
504 3456 657 3533 elephanti
678 3460 709 3517 in
729 3460 796 3520 acie
816 3474 929 3521 noman
943 3467 1059 3522 tantum
1074 3462 1142 3522 sine
1154 3476 1221 3524 usu

232 3541 363 3603 luerunt.
386 3541 616 3616 elephantorum
636 3541 783 3616 impetum
803 3542 961 3605 subsecuti
979 3549 1054 3607 sunt
1067 3544 1144 3607 socii
1158 3559 1217 3606 no·
