2642 4017
234 248 298 312 296
407 245 523 306 LlBElt
535 244 626 305 XLV.
641 242 724 303 cal.
734 251 779 303 42.
790 250 835 304 ts.
851 249 888 316 [a.
900 247 935 299 U.
948 266 972 300 c.
981 247 1048 315 685]

236 406 445 475 septuagenos
461 395 588 471 quinos,
608 394 877 471 gubernatoribus,
893 394 945 471 qui
961 396 990 456 in
1005 397 1137 457 navibus
1155 399 1222 458 lue

235 490 313 558 rant,
329 482 452 557 duplex,
466 477 622 554 magistris
636 477 759 538 navium
772 479 974 554 quadruplex.

322 564 454 625 Senatus
475 561 587 623 deinde
608 561 729 621 habitus
750 570 806 623 est
834 568 938 636 patres
960 572 1160 639 censuerunt,
1187 570 1223 625 ut
1299 571 1304 598 ¹

238 651 273 725 Q.
295 648 421 711 Cassius
440 646 554 707 Persea
572 659 677 719 regem
699 660 766 705 cum
788 644 967 707 Alexandro
983 646 1046 708 tilio
1060 648 1173 708 Albam
1188 646 1221 707 in

238 731 409 795 custodiam
420 731 562 798 duceret;
584 729 721 799 comites,
737 728 907 803 pecuniam,
922 738 1088 806 argentum,
1104 731 1221 808 instru-

236 823 370 877 mentum
392 813 476 889 quod
497 812 633 872 haberet
653 811 765 889 Bithys
784 812 866 886 regis
880 811 1029 875 Thracum
1049 814 1130 875 iilius
1146 830 1220 875 cum

238 899 400 962 obsidibus
427 897 456 955 in
482 895 654 956 custodiam
680 895 842 955 Carseolos
867 904 916 958 est
936 898 1061 958 missus.
1094 903 1218 958 ceteros

238 981 393 1058 captivos,
415 978 467 1054 qui
481 978 512 1038 in
526 978 680 1053 triumpho
695 978 777 1039 ducti
792 987 893 1055 erant,
907 981 938 1040 in
954 995 1109 1042 omcerem
1124 980 1218 1040 condi

236 1065 359 1141 placuit
382 1077 499 1136 paucos
513 1068 586 1136 post
599 1062 667 1122 dies
682 1078 775 1137 quam
785 1061 863 1124 haec
873 1070 950 1135 acta,
966 1064 1057 1137 legati
1068 1063 1107 1123 ab
1120 1063 1217 1141 Cotye

236 1162 309 1223 rege
322 1145 472 1206 Thracum
486 1152 643 1219 venerunt,
664 1145 826 1221 pecuniam
841 1146 880 1207 ad
894 1146 1104 1208 redimendum
1120 1146 1218 1207 fllium

236 1231 377 1306 aliosque
391 1228 517 1289 obsides
535 1235 745 1305 apportantes.
768 1230 857 1290 eisin
872 1236 1011 1291 senatum
1026 1230 1217 1306 introductis,
1316 1239 1317 1244 ’

237 1322 268 1375 et
281 1314 312 1374 id
327 1314 428 1389 ipsum
444 1311 613 1387 argumenti
628 1313 898 1388 praetendentibus
914 1313 1060 1388 orationi,
1085 1329 1146 1374 non
1157 1330 1218 1374 sua

236 1399 393 1459 voluntate
408 1395 505 1473 Cotyn
520 1395 601 1458 bello
616 1397 736 1458 iuvisse
748 1397 876 1470 Persea,
899 1397 985 1472 quod
999 1397 1125 1458 obsides
1141 1398 1217 1457 dare

237 1488 364 1542 coactns
379 1487 478 1556 esset,
494 1480 731 1556 orantibusque,
744 1487 779 1541 ut
792 1495 848 1541 eos
862 1480 976 1556 pretio,
997 1488 1142 1556 quantum
1156 1480 1216 1555 ipsi

237 1566 416 1627 statuissent
429 1570 549 1640 patres,
569 1564 678 1624 redimi
699 1570 887 1639 paterentur,
908 1579 1094 1639 responsum
1108 1579 1147 1625 ex
1162 1580 1216 1624 au⁴

237 1649 374 1710 ctoritate
389 1654 515 1709 senatus
535 1653 584 1708 est
603 1647 752 1722 populum
767 1648 938 1708 Romanum
951 1648 1128 1709 meminisse
1142 1648 1217 1708 ami·
1315 1697 1319 1706 .

237 1732 334 1803 citiae,
357 1746 438 1806 quae
453 1746 523 1791 oum
538 1730 635 1808 Cotye
649 1729 880 1806 maioribusque
894 1731 960 1792 eius
975 1738 1005 1792 et
1018 1736 1109 1807 gente
1122 1730 1217 1790 Thra·

236 1829 306 1875 cum
320 1815 440 1874 luisset
460 1811 588 1874 obsides
604 1814 693 1874 datos
705 1814 828 1889 emman,
843 1831 904 1876 non
916 1814 1049 1875 criminis
1062 1814 1218 1875 delensio·

235 1913 306 1958 nem
320 1912 402 1972 esse,
418 1912 487 1958 cum
500 1896 651 1958 Thracum
661 1897 744 1973 genti
755 1912 795 1957 ne
806 1897 927 1973 quietus
940 1898 1064 1973 quidem
1074 1897 1217 1972 Perseus,

235 1982 348 2042 nedum
362 1981 443 2042 bello
454 1981 594 2043 Romano
610 1987 780 2056 occupatus
794 1981 946 2042 timendus
960 1982 1060 2042 luerit
1082 1988 1216 2042 aetenam

236 2064 294 2127 etsi
316 2066 410 2145 Cotys
436 2064 541 2126 Persei
567 2064 696 2141 matiam
722 2065 919 2140 praetulisset
938 2063 1088 2125 amicitiae
1108 2065 1218 2139 populi

236 2150 380 2226 Romani,
395 2146 493 2224 magis
510 2149 584 2225 qnid
599 2164 634 2209 se
649 2147 775 2224 dignum
789 2156 887 2224 esset,
909 2165 1001 2224 quam
1020 2148 1094 2224 quid
1109 2146 1218 2209 merito

236 2234 303 2294 eius
323 2234 390 2294 lieri
412 2241 536 2309 posset,
557 2233 800 2305 aestimatorum,
821 2232 914 2293 lilium
939 2239 1032 2307 atque
1046 2231 1173 2291 obsides
1188 2232 1219 2292 ei

207 2376 209 2378 ,
235 2317 445 2378 remissurum.
466 2314 618 2377 beneficia
631 2315 764 2391 gratuita
778 2331 850 2376 esse
864 2317 971 2392 populi
984 2315 1130 2377 Romanis
1145 2331 1218 2391 pre·

235 2399 310 2461 tium
325 2416 430 2462 eorum
446 2401 536 2460 malle
549 2400 725 2474 relinquere
736 2400 766 2458 in
778 2398 990 2474 accipientium
1001 2396 1110 2459 animis
1123 2415 1220 2474 quarn

235 2499 386 2559 praesens
398 2482 532 2554 exigere.
547 2483 638 2554 legati
649 2490 712 2542 tres
725 2483 878 2557 nominati,
892 2484 924 2543 Τ.
938 2482 1095 2557 Quinctius
1106 2481 1219 2543 Flami·

236 2566 326 2626 ninus
342 2565 374 2627 C.
389 2563 522 2625 Licinius
537 2564 637 2623 Nerva
649 2564 690 2642 Μ.
707 2564 850 2627 Caninius
864 2566 1000 2639 Rebilus,
1021 2566 1073 2643 qui
1088 2564 1218 2627 obsides

235 2647 265 2706 in
289 2647 448 2707 Thraciam
470 2646 667 2718 reducerent,
699 2654 730 2707 et
750 2647 919 2711 Thracibus
945 2666 1073 2711 munera
1093 2651 1163 2711 data
1184 2650 1217 2710 in

236 2729 375 2805 singulos
395 2728 499 2791 binum
519 2729 632 2790 milium
653 2729 745 2792 aeris.
764 2730 875 2811 Bithys
891 2749 960 2796 cum
976 2733 1085 2795 ceteris
1101 2733 1217 2794 obsidi-

235 2812 294 2873 bus
310 2829 329 2872 a
342 2813 497 2876 Carseolis
511 2815 680 2876 accersitus
695 2816 735 2876 ad
749 2824 865 2891 patrem
882 2832 951 2878 cum
965 2815 1073 2893 legatis
1088 2817 1216 2879 missus.

235 2912 331 2957 naves
345 2898 448 2972 regiae
463 2905 572 2975 captae
587 2899 626 2959 de
634 2898 866 2975 Macedonibus,
882 2900 1053 2962 invisitatae
1067 2908 1137 2961 ante
1150 2916 1215 2959 ma-

234 2980 408 3056 gnitudinis,
423 2982 453 3042 in
469 2998 578 3058 campo
592 2981 701 3045 Martio
716 2984 888 3045 subductae
901 2990 982 3045 sunt.

319 3064 420 3124 XLIII.
431 3067 585 3127 Haerente
595 3066 698 3128 adhuc
708 3083 770 3128 non
781 3067 812 3127 in
824 3067 932 3128 animis
944 3068 1039 3129 modo
1051 3067 1107 3128 sed
1115 3081 1215 3142 paene

234 3148 264 3207 in
287 3147 386 3214 oeulis,
404 3151 551 3211 memoria
571 3149 763 3213 Macedonici
777 3149 931 3226 triumphi,
950 3151 984 3211 L.
999 3151 1128 3211 Anicius
1145 3149 1216 3224 Qui·

233 3230 380 3292 rinalibus
399 3231 597 3309 triumphavit
616 3233 656 3293 de
677 3251 752 3310 rege
772 3234 880 3295 Gentio
895 3234 1081 3314 illyriisque.
1103 3233 1215 3294 similia

234 3315 336 3375 omnia
364 3316 462 3389 magis
486 3315 554 3376 visa
573 3315 748 3379 hominibus
770 3334 861 3393 quam
889 3319 991 3392 pariae
1025 3316 1124 3378 minor
1143 3315 1215 3390 ipse

233 3398 414 3474 imperator,
428 3405 459 3458 et
472 3397 629 3460 nobilitate
642 3401 771 3461 Anicius
788 3415 856 3460 cum
869 3399 1016 3475 Aemilio,
1032 3405 1063 3460 et
1076 3401 1143 3460 inre
1156 3400 1215 3458 im-

234 3480 311 3551 perii
325 3490 449 3557 praetor
464 3497 532 3542 cum
548 3484 676 3542 consule
694 3484 836 3553 collatus;
866 3498 928 3542 non
945 3481 1071 3542 Gentius
1085 3481 1215 3551 Perseo,
