2642 4017
218 222 239 285 8
381 219 497 280 LIBER
505 218 637 279 xxxlx.
660 217 743 277 CAP.
757 225 785 280 8.
796 225 823 280 9.
845 224 881 290 [a.
893 222 928 276 U.
940 238 963 274 e.
974 222 1038 289 aad]

221 390 302 452 quae
326 370 424 449 primo
445 369 553 445 paucis
572 368 684 429 madia
703 375 790 440 sunt,
815 367 927 428 deinde
948 370 1066 444 vulgari
1088 379 1201 446 coepta

220 465 292 521 sunt
311 471 368 533 par
387 455 472 514 viros
486 453 702 527 mulieresque
735 450 858 512 additae
873 452 1046 527 voluptates
1059 453 1197 529 religioni

219 539 514 613 enteropolima,
528 552 590 611 quo
606 533 739 612 plurium
753 534 844 594 animi
858 535 1051 597 illicerentur.
1072 552 1142 597 cum
1154 535 1199 597 vi-

221 642 294 687 num
307 624 425 683 animos
440 626 471 680 et
483 636 548 681 uox
562 626 593 680 et
604 617 690 679 mixti
700 619 820 679 leminis
829 634 941 692 mares,
956 621 1065 681 aetatis
1077 628 1202 681 tenerae

220 706 403 780 maioribus,
419 702 582 765 discrimen
597 718 688 764 omne
702 702 830 778 pudoris
845 704 1080 775 exstinxissent,
1095 720 1201 765 corru-

222 794 322 871 ptelae
346 790 477 866 primum
497 787 596 848 omnis
618 788 740 861 generis
761 786 828 846 lieri
848 795 992 863 coeptae,
1018 801 1089 848 cuni
1109 789 1150 847 ad
1169 788 1202 847 id
1313 809 1315 832 t

223 877 356 954 quisque
376 889 437 949 quo
454 878 562 932 natura
580 870 734 945 pronioris
748 869 881 931 libidinis
895 877 981 931 esset
995 877 1132 946 paratam
1146 885 1202 936 vo·

222 963 369 1035 luptatem
387 956 523 1016 haberet
556 969 614 1016 nee
632 971 727 1015 unmn
746 968 845 1027 genus
865 968 981 1026 noxae,
1003 961 1110 1030 stupra
1131 970 1203 1030 pro

222 1045 342 1103 miscua
355 1041 557 1115 ingenuorum
572 1038 813 1111 feminarumque
827 1045 922 1112 erant,
941 1038 997 1097 sed
1013 1039 1082 1098 ialsi
1097 1044 1204 1112 testes,

224 1126 303 1186 laisa
325 1123 415 1197 signa
438 1129 682 1198 testamentaque
702 1128 733 1182 et
751 1120 865 1181 indicia
888 1136 927 1180 ex
948 1122 1056 1181 eadem
1080 1121 1204 1182 cilicina

224 1208 363 1269 exibant=
384 1221 505 1265 venena
519 1205 654 1266 indidem
674 1200 897 1281 intestinaeque
912 1205 1041 1278 caedes,
1062 1206 1104 1266 ita
1116 1211 1150 1264 ut
1163 1219 1203 1264 ne
1314 1201 1315 1216 ¹

224 1307 356 1367 corpora
370 1288 496 1364 quidem
510 1289 660 1350 interdum
670 1289 712 1348 ad
723 1289 913 1362 sepulturam
924 1295 1088 1349 exstarent.
1110 1290 1202 1349 murita

225 1375 313 1450 dolo,
336 1374 483 1449 pleraque
504 1388 559 1448 per
577 1371 640 1432 vim
659 1372 822 1431 audebant.
855 1372 1017 1434 occulebat
1036 1370 1098 1432 vim
1120 1371 1202 1447 quod

224 1475 300 1535 prae
318 1455 483 1519 ululatibus
504 1460 784 1535 tympanorumque
798 1462 828 1515 ct
848 1456 1058 1533 cymbalorum
1076 1456 1204 1531 strepitu

225 1545 307 1603 nulla
331 1556 395 1602 vox
420 1538 624 1613 quiritantium
648 1539 726 1598 inter
750 1546 857 1613 stupra
876 1546 907 1599 et
926 1539 1039 1599 caedes
1065 1538 1203 1600 exaudiri

226 1632 358 1766 poter&
379 1706 477 1766 Huius
498 1705 569 1765 mali
588 1706 675 1766 labes
695 1719 735 1764 ex
749 1704 869 1764 Etruria
883 1706 1010 1766 Romam
1024 1706 1118 1766 veluti
1132 1720 1205 1766 con-

226 1792 347 1868 tagione
358 1788 455 1850 morbi
467 1789 644 1865 penetravit
667 1789 765 1864 primo
777 1786 862 1848 urbis
873 1787 1050 1863 magnitudo
1060 1789 1208 1865 capacior

226 1874 449 1951 patientiorque
464 1872 568 1934 talium
579 1875 728 1934 matonam
740 1888 777 1931 ea
788 1872 912 1933 celauit:
926 1873 1050 1933 tandem
1059 1872 1204 1934 indicium

225 1959 285 2020 hoo
305 1958 436 2018 maxime
456 1957 548 2018 modo
569 1956 610 2016 ad
622 1953 810 2017 Postumium
825 1957 984 2017 consulem
998 1957 1145 2031 pervenit.
1171 1954 1205 2015 P.
1317 1991 1319 2012 t

225 2041 387 2112 Aebutius,
402 2040 490 2100 cuius
505 2045 594 2113 pater
607 2038 731 2113 publico
746 2053 828 2113 equo
840 2039 996 2114 stipendia
1010 2041 1132 2112 tenuat,
1150 2057 1205 2115 pu·
1318 2053 1319 2084 t

227 2126 317 2201 pillus
330 2122 471 2195 relictus,
491 2120 620 2181 mortuis
634 2120 748 2180 deinde
761 2120 913 2182 tutoribus
928 2123 986 2184 sub
999 2124 1094 2185 tutela
1107 2124 1205 2184 Duro-

227 2207 296 2268 niae
317 2204 422 2264 matris
443 2211 473 2265 et
492 2203 589 2264 vitrici
603 2205 636 2264 Τ.
652 2202 827 2279 Sempronii
840 2205 933 2267 Rutili
954 2206 1082 2268 eductus
1097 2207 1205 2268 luerat
1318 2251 1319 2270 t

226 2295 367 2351 amator
380 2287 484 2348 dedita
496 2287 564 2347 viro
580 2295 653 2362 erat,
669 2288 848 2364 etvitricus,
864 2288 939 2367 quia
948 2293 1074 2351 tutelam
1084 2291 1126 2350 ita
1135 2306 1204 2366 ges·
1318 2329 1319 2348 r

226 2372 533 2446 aerat,ntrationem
547 2372 678 2432 reddere
692 2388 754 2433 non
769 2379 893 2448 posset,
912 2379 966 2434 aut
979 2373 1044 2436 tolli
1059 2375 1206 2450 pupillum
1318 2369 1319 2390 t

227 2465 279 2520 aut
299 2457 467 2519 obnoxium
487 2453 546 2516 sibi
559 2456 683 2517 vinculo
697 2454 802 2531 aliquo
816 2457 883 2517 lieri
898 2458 1049 2533 cupiebat.
1081 2458 1132 2518 via
1145 2472 1208 2518 una
1318 2497 1319 2524 q

227 2541 420 2616 corruptelae
430 2538 635 2600 Bacchanalia
648 2545 744 2600 erant.
767 2548 863 2602 mater
878 2541 1141 2602 adolescentulum
1152 2556 1205 2615 ap

228 2624 335 2699 pellata
358 2639 394 2684 ae
409 2639 466 2698 pro
477 2637 572 2696 aegro
582 2638 620 2683 ao
633 2624 768 2698 vovisse,
782 2624 836 2685 ubi
845 2625 977 2701 primum
989 2625 1208 2697 convaluisset,

227 2704 357 2766 Bacchis
368 2722 437 2767 eum
447 2722 484 2766 se
495 2704 694 2777 initiaturam3
710 2707 881 2769 damnatam
893 2709 956 2770 voti
968 2709 1058 2769 deum
1070 2707 1206 2781 burigni-

228 2795 289 2849 tate
308 2790 471 2850 exsolvere
490 2790 523 2850 id
544 2792 632 2851 velle.
659 2791 768 2852 decem
788 2792 906 2853 dierrrm
925 2791 1107 2853 castimonia
1127 2805 1208 2866 opus

227 2886 315 2932 esse:
336 2872 457 2934 decimo
472 2874 522 2934 die
537 2880 694 2949 cenatum,
712 2875 824 2935 deinde
838 2892 915 2951 pure
930 2878 1044 2937 lautum
1057 2877 1088 2936 in
1104 2890 1211 2935 sacra-

227 2956 305 3016 rium
328 2955 537 3017 deducturum.
565 2965 702 3020 scortum
722 2959 825 3036 nobile
847 2959 987 3021 libertina
1006 2958 1133 3036 Hispala
1151 2957 1207 3018 ie

229 3039 330 3112 conia,
352 3056 415 3101 non
436 3041 530 3116 digno
551 3048 696 3116 quaestu,
718 3042 768 3103 cui
781 3042 923 3104 ancillula
938 3043 1097 3117 adsuerat,
1117 3038 1208 3102 etiam

229 3129 394 3198 postquam
418 3123 607 3186 manumissa
630 3132 709 3199 erat,
735 3128 844 3187 eodem
868 3142 904 3188 se
920 3142 1037 3203 genere
1057 3126 1207 3187 tuebatur.

229 3205 299 3266 huic
321 3210 512 3269 consuetudo
533 3207 619 3269 iuxta
632 3209 816 3272 vicinitatem
833 3226 901 3272 cum
916 3210 1049 3272 Aebutio
1064 3209 1134 3283 luit,
1154 3207 1208 3267 mi·

229 3289 310 3350 nime
334 3291 540 3353 adolescentis
564 3293 610 3351 rei
630 3299 683 3353 ant
707 3294 806 3355 lamae
830 3296 995 3356 damnosa:
1027 3295 1106 3355 ultro
1129 3291 1209 3353 enim

229 3381 350 3437 amatus
365 3374 582 3452 appetitusque
597 3384 670 3450 crat,
685 3386 715 3439 et
728 3379 859 3453 maligne
874 3378 976 3439 omnia
990 3377 1209 3453 praebentibus

231 3458 297 3519 suis
312 3459 521 3539 meretriculae
535 3460 741 3521 munificentia
755 3462 970 3523 sustinebatur.
996 3460 1070 3537 quin
1083 3476 1122 3522 eo
1137 3474 1207 3536 pro·
