2642 4017
210 239 273 303 aea
379 233 596 298 emnam.
620 234 703 295 car.
718 244 762 296 no.
773 243 818 297 so.
834 242 871 309 [a.
884 242 921 294 υ.
932 259 956 294 a
969 241 1031 310 sea]

211 394 325 455 tlnmen
346 391 387 452 ad
407 391 564 465 regionem
583 387 710 450 orientis
732 389 876 450 eolerent
906 390 994 450 tertia
1013 404 1087 465 pars
1101 390 1194 465 laeta

211 493 304 554 quam
317 473 418 536 Axius
433 472 612 547 oboriente,
627 472 748 533 Peneus
760 472 859 532 amnis
874 471 913 532 ab
925 488 1041 535 oeeasu
1052 473 1194 549 cingunta

211 562 252 622 ad
267 558 508 635 septentrionem
520 555 603 617 Bora
615 571 707 617 mons
727 554 872 616 obicitur:
893 556 1015 617 adiecta
1028 555 1100 617 huie
1114 555 1192 631 parti

210 643 298 720 regio
320 643 489 716 Paeoniae,
513 655 576 717 qna
598 639 637 699 ab
659 653 775 700 oeeasu
795 646 919 715 praeter
937 639 1052 700 Axium
1072 655 1192 700 emnam

210 728 392 804 porrigitnr;
420 726 543 786 Edessa
563 738 692 799 quoque
710 730 741 783 et
761 723 881 783 Beroea
902 723 1012 794 eodem
1027 737 1194 784 eonoesse-
1318 779 1319 786 ,

210 819 291 873 runt
314 818 422 888 quarta
440 809 527 884 regio
547 815 633 869 mans
646 806 760 867 Boram
773 815 924 881 montem,
943 822 1005 869 una
1018 814 1107 882 parte
1120 822 1193 867 eon-
1221 813 1225 819 '

211 894 282 958 finis
296 893 436 974 lllyrieo,
459 893 554 952 altera
567 890 672 966 Epiro.
695 890 795 965 eapita
807 891 982 966 regionum,
997 890 1050 951 ubi
1065 889 1194 951 coneilio

210 981 328 1053 tierent,
345 977 461 1052 primae
474 974 609 1050 regionis
624 973 842 1050 Amphipolim,
858 974 1016 1036 seeundae
1029 974 1194 1034 Thessalo-

210 1062 309 1134 nicen,
321 1060 427 1130 tertiae
437 1057 560 1132 Pellam,
573 1064 701 1134 quartae
710 1056 907 1134 Pelagoniam
918 1058 998 1118 feeit
1012 1073 1051 1119 eo
1063 1057 1193 1119 ooneilia

212 1160 288 1206 suae
305 1142 457 1218 ornusque
470 1140 605 1217 regionis
620 1141 724 1215 indici,
742 1142 905 1217 peeuniam
920 1141 1061 1216 enniani,
1074 1140 1116 1202 ibi
1129 1156 1193 1201 ma-

212 1229 358 1304 gistratus
378 1224 475 1286 creari
496 1224 596 1286 iussit.
616 1224 826 1301 pronuntiavit
846 1223 958 1286 deinde
979 1240 1080 1300 neque
1097 1240 1193 1286 eonn-

210 1313 294 1373 bium
314 1325 417 1388 neque
437 1309 651 1371 eommereirmr
671 1324 814 1384 agrorum
829 1309 1101 1383 aedifieiommqne
1116 1308 1194 1369 inter

211 1412 247 1458 se
259 1396 383 1472 plaeere
394 1394 538 1469 cuiqnam
548 1399 635 1453 extra
644 1392 725 1455 lines
733 1392 872 1468 regionis
883 1407 959 1453 suae
970 1408 1052 1453 esse.
1071 1392 1194 1453 metafla

212 1495 338 1556 quoque
361 1477 427 1539 auri
451 1487 545 1553 atque
564 1477 682 1551 argenti
702 1492 765 1537 non
786 1474 940 1549 exerceri,
967 1476 1091 1537 sarriet
1112 1476 1193 1537 aeris

210 1562 352 1640 permitti.
374 1560 505 1636 veotigal
526 1558 742 1621 exercentibus
763 1560 921 1621 dimidium
935 1558 1002 1621 eius
1016 1559 1194 1635 impositum

213 1647 296 1721 quod
318 1645 541 1721 pependissent
559 1642 635 1718 regi.
664 1649 695 1704 et
715 1645 781 1705 sale
800 1645 922 1704 inveeto
936 1642 981 1704 uti
993 1644 1098 1705 vetuit.
1117 1643 1193 1704 Dar·

211 1729 301 1790 danis
315 1728 525 1804 repetentibus
539 1725 714 1802 Paeoniam,
736 1728 820 1803 quod
834 1735 865 1788 et
879 1744 936 1789 sua
950 1727 1061 1788 luisset
1074 1733 1106 1788 et
1119 1743 1192 1788 eon-

210 1815 310 1874 tinens
326 1818 411 1874 esset
420 1811 534 1872 finibus
545 1810 621 1887 suis,
636 1811 777 1873 omnibus
789 1811 864 1873 dare
875 1811 1045 1874 libertatem
1056 1827 1192 1887 pronun-

210 1896 304 1971 tiavit,
320 1897 374 1972 qui
385 1896 444 1956 sub
454 1911 551 1971 regno
562 1893 668 1956 Persei
682 1894 823 1970 luissent
842 1902 916 1971 post
926 1910 989 1955 non
999 1894 1192 1969 impetratam

210 1980 375 2041 Paeoniam
396 1979 470 2041 salis
491 1977 708 2040 commercium
723 1979 821 2040 dedita
842 1979 950 2041 tertiae
960 1978 1082 2053 regioni
1096 1978 1193 2054 impe-

212 2065 296 2137 ravit,
312 2073 347 2126 nt
361 2062 475 2126 Stobos
491 2063 642 2124 Paeoniae
658 2062 854 2137 deveherent,
869 2061 1063 2138 pretiumque
1077 2060 1191 2124 statuit

211 2150 351 2209 navalem
371 2148 528 2209 materiam
548 2146 687 2222 etipsos
709 2147 840 2207 eaedere
860 2153 891 2208 et
910 2144 989 2207 alios
1010 2146 1073 2222 pati
1087 2144 1191 2208 vetuit.

210 2232 387 2308 regionibus
401 2248 481 2307 quae
492 2231 613 2291 adfines
623 2230 764 2292 barbaris
776 2237 883 2291 essent
892 2261 935 2274 -
948 2235 1080 2305 exeepta
1089 2236 1191 2290 antem

210 2316 299 2377 tertia
321 2331 428 2376 omnes
450 2324 537 2375 erant
558 2348 596 2361 -
618 2313 772 2390 permisit,
796 2321 833 2374 ut·
849 2313 1004 2390 praesidia
1022 2320 1139 2373 armata
1159 2310 1191 2373 in

211 2400 325 2460 finibus
341 2397 486 2459 extremis
500 2397 657 2458 haberent.

295 2482 386 2542 XXX.
406 2481 491 2540 llaee
511 2481 708 2554 pronuntiata
729 2481 828 2553 primo
849 2479 900 2540 die
921 2486 1090 2543 eonventus
1104 2479 1192 2540 varie

211 2567 390 2625 adiecerunt
404 2562 532 2622 animos.
552 2562 678 2623 libertas
694 2575 817 2638 praeter
831 2578 921 2639 spem
936 2564 1007 2625 data
1021 2563 1144 2638 arrexit,
1159 2572 1190 2625 et

212 2651 343 2709 levatum
357 2659 492 2705 annuum
507 2644 646 2719 veetigal.
668 2646 849 2721 regionatim
863 2647 1047 2709 commercio
1061 2647 1189 2708 interru-

210 2733 272 2807 ptis
285 2730 327 2790 ita
341 2728 438 2790 videri
453 2729 586 2790 lacerata
598 2735 754 2805 tamquam
768 2730 912 2794 animalia
924 2732 1052 2793 inertum
1063 2732 1190 2793 alterurn

211 2812 336 2875 alterius
360 2812 533 2889 indigentes
557 2812 720 2876 diensem
748 2814 843 2888 adeo,
871 2822 985 2890 quanta
1007 2812 1192 2876 Maeedonia

211 2906 303 2974 esset,
320 2915 412 2973 quam
427 2894 540 2959 divisui
555 2896 663 2974 iaeilis,
678 2904 708 2958 et
721 2906 755 2961 ut
764 2914 801 2960 se
812 2900 1036 2975 ipsaquaeque
1046 2905 1190 2962 contenta

210 2997 284 3057 pars
305 2990 403 3057 esset,
424 2981 611 3044 Macedones
632 2999 758 3059 quoque
777 2983 968 3057 ignorabant
996 2998 1070 3058 pars
1091 2980 1190 3057 prima

209 3065 342 3126 Bisaltas
355 3065 457 3141 habet,
472 3066 657 3127 fortissimos
668 3064 753 3127 viros
766 3099 804 3110 -
817 3074 900 3128 mans
910 3067 1043 3128 Nessum
1054 3066 1191 3129 incolunt

210 3157 240 3209 et
261 3149 343 3209 eirea
363 3147 556 3225 Strymonem
573 3182 617 3196 ·-
636 3158 668 3210 et
682 3151 792 3211 multas
806 3150 927 3225 frugum
943 3150 1145 3225 proprietates
1159 3157 1191 3209 et

209 3233 331 3293 metalla
346 3239 376 3292 et
389 3232 649 3308 opportunitatem
659 3232 863 3308 Amphipolis,
880 3249 960 3308 quae
975 3232 1095 3296 obieeta
1106 3233 1195 3296 elau->

211 3315 255 3377 dit
269 3316 429 3379 omnes'ab
443 3315 561 3376 oriente
572 3317 640 3377 sole
650 3316 681 3375 in
692 3315 906 3377 Macedoniam
915 3317 1028 3379 aditus.
1051 3316 1190 3382 secunda

209 3416 282 3475 pars
304 3399 518 3462 eeleberrimas
539 3398 632 3458 urbes
653 3399 892 3460 Tbessalonieen
913 3407 944 3460 at
965 3398 1188 3462 Cassandream

210 3480 317 3560 lrabet,
343 3485 382 3544 ad
402 3483 462 3544 hoe
482 3481 640 3555 Pallenen,
666 3482 795 3543 lertilem
813 3496 850 3541 aa
871 3480 1047 3557 frugiferam
1061 3489 1189 3544 terrama
