2642 4017
3 477 4 480 ¹
85 467 157 511 genus
176 457 287 510 quodcum

258 250 450 312 ΕΡΙΤΟΜΑΕ
464 252 668 315 LIBRORUM
683 253 814 314 XLVlll.
829 254 930 314 XLIX.
1007 254 1068 318 301

84 406 120 448 ite
142 402 239 454 velient,
258 404 284 448 P.
300 402 417 445 Cornelius
432 403 567 445 Aemilianus
586 403 707 456 processit,
732 404 755 444 et
774 405 920 455 excepturum
938 414 963 444 se
977 403 1070 445 miiitiae

85 512 185 554 studium
199 457 1070 558 ωίΙΙίιυᾶΙυἓο11ῗὶῗὶἳέῗῖ,ΒῗιξὲαΓΙῐιιῖῐΐέἔέιιῖεἑυιᾳυῖίᾝτῧῗιιῗῗὶιξῐιοέιά·

85 565 123 607 ius
137 567 173 607 cui
187 565 340 613 successerat,
356 564 458 618 placasse
472 574 549 605 omnes
563 564 698 606 Celtiberiae
712 563 808 617 populos
822 562 944 613 rideretur,
959 563 1070 605 Vaccaeos

86 622 109 661 et
124 618 249 661 Cantabros
268 622 291 659 et
309 617 366 659 silas
379 617 453 659 adbuc
466 620 590 671 incognitas
604 619 707 659 nationes
721 620 744 659 iu
760 617 867 671 Hispania
880 620 976 670 subegit.
995 617 1026 658 ibi
1041 618 1068 661 Ρ.

86 674 204 718 cornelius
219 673 295 725 Scipio
309 671 427 713 Airicaaus
440 673 589 722 Aemilianus,
608 672 636 714 L.
651 670 714 712 l'auii
729 670 802 722 tillus,
817 671 914 713 ‚lirlcanl
929 681 1014 725 nepos,
1028 671 1070 713 sad

84 726 217 781 adoptivus,
233 728 401 780 provocatorem
415 726 532 768 barbarum
546 727 648 767 tribunus
662 725 757 766 miiitum
770 724 865 775 amicit,
884 728 907 765 et
918 725 942 766 is
956 735 1070 780 oppugna·

84 784 147 824 tione
168 781 301 824 Intercatiae
322 779 384 821 urbis
402 782 473 821 mains
489 782 555 822 etiam
575 779 698 833 perieulum
719 778 787 821 adiita
809 790 859 820 nam
880 789 965 820 murum
984 779 1070 832 primus

85 834 233 878 uameendtt.
248 833 298 876 Ser.
313 832 428 887 SulpicIus
443 833 514 875 Galba
529 837 618 887 praetor
632 832 689 873 male
703 832 811 874 adsersus
818 832 938 876 Lusitanos
952 835 1069 887 pugnavit.

85 900 135 930 eum
155 888 223 941 iegati
243 900 272 929 ex
287 886 362 930 Airita
379 898 428 928 cum
443 889 569 929 oratoribus
584 886 799 939 camnaginlenaium
814 888 838 928 et
852 885 950 927 Gulussa
963 886 1069 928 diuinis·

85 954 124 985 sse
143 942 190 985 filio
209 942 332 993 redissent,
355 941 499 993 dicerentque
510 946 541 994 ,et
555 943 677 984 exercitum
691 950 717 981 se
735 944 759 982 et
772 941 866 982 classem
882 939 1017 993 magice
1031 939 1069 980 de·

86 996 238 1050 prehendisse,
253 997 366 1050 perrogari
380 996 502 1036 sententias
518 995 612 1049 placuit.
628 995 712 1037 Catone
726 997 748 1036 et
762 994 814 1036 allis
828 994 967 1048 principibus
981 993 1069 1036 senatui

84 1049 239 1099 suadentibus,
255 1052 279 1090 ut
293 1051 315 1090 in
329 1049 425 1090 Airicam
439 1049 556 1094 couiestim
571 1051 759 1102 transportaretur
772 1050 892 1098 exercitus,
906 1047 966 1100 qaod
977 1048 1004 1092 P.
1015 1049 1069 1091 Cor·

85 1104 161 1145 neilus
175 1103 256 1144 iiasica
271 1103 359 1144 dicebat
373 1102 468 1144 nundum
483 1106 526 1147 sibi
540 1104 622 1145 iustam
641 1114 730 1145 cauam
750 1102 805 1144 belii
824 1101 907 1152 videri,
926 1101 1024 1157 placuit,
1045 1102 1069 1142 ut

85 1158 147 1199 bello
167 1158 314 1206 abstinerent,
336 1159 354 1198 si
370 1156 564 1209 carthaginienses
582 1158 677 1201 classem
697 1160 836 1198 exussissent
855 1160 879 1198 et
895 1158 1016 1198 uacuum
1035 1154 1068 1196 dr·

85 1212 211 1253 misissentr
225 1213 261 1253 sin
276 1212 355 1260 minus,
371 1214 466 1264 proximi
481 1212 586 1253 consules
600 1211 628 1253 de
638 1212 723 1253 Punico
737 1210 799 1252 bello
813 1210 931 1252 raierrent.
944 1222 995 1252 cum
1008 1209 1071 1252 ioca·

84 1269 132 1307 tum
146 1275 159 1304 a
173 1265 303 1307 censoribus
313 1263 422 1307 theatrum
433 1269 593 1314 exstrueretur,
608 1265 633 1306 Ρ.
645 1265 751 1306 Cornelio
762 1264 845 1306 Nasica
853 1268 945 1306 auctore
955 1267 1069 1316 nmquam

85 1319 165 1360 inutile
183 1323 207 1361 et
228 1321 352 1360 nociturum
371 1319 468 1373 publicis
486 1320 584 1361 moribus
603 1330 632 1359 ex
646 1321 738 1360 senatus
756 1317 860 1361 consulto
875 1316 1011 1359 clamucium
1026 1321 1067 1366 est,

86 1369 1069 1477 iiniiiiniinstitistiiilliniti}‘diffiniuntur„iiiii

86 1481 155 1528 duos,
176 1484 199 1521 et
212 1484 261 1521 sine
276 1482 403 1535 pulpamine
418 1480 522 1522 mandere
539 1483 562 1521 et
581 1484 671 1532 gustare
685 1490 765 1532 panem
778 1481 864 1520 nutum
878 1478 957 1527 solito,
977 1478 1067 1529 insuper

85 1536 206 1578 Romanum
220 1535 302 1577 bellum
318 1538 452 1576 meruerunt.

139 1588 216 1631 xiim
235 1589 302 1631 Tertii
318 1589 395 1630 Punici
412 1588 466 1629 belii
487 1587 574 1628 initium
593 1586 665 1627 altero
684 1589 707 1628 et
720 1586 883 1628 sexcentesimo
897 1597 955 1627 anno
969 1586 997 1626 ab
1013 1584 1068 1626 urbe

85 1641 186 1692 condita,
208 1643 266 1684 intra
285 1644 386 1695 quintum
404 1653 484 1683 annum
503 1650 570 1691 uuam
584 1643 633 1681 erat
650 1642 766 1693 coeptum,
787 1640 940 1683 consummati.
963 1640 1021 1680 inter
1035 1638 1067 1685 is.

86 1697 188 1738 Porcium
202 1697 309 1738 Catonern
331 1701 354 1738 et
368 1696 496 1750 Scipionem
510 1693 627 1743 Nasicam,
648 1704 742 1746 quorum
761 1692 819 1735 alter
839 1694 1019 1748 sapientissimus
1034 1692 1069 1735 rir

86 1751 109 1791 in
123 1751 216 1792 clunia
229 1749 364 1802 ban-batur,
385 1751 442 1791 aiter
455 1748 553 1802 optimus
567 1748 634 1789 etism
647 1758 661 1788 a
675 1750 754 1789 senatu
769 1748 882 1791 iudicatus
894 1750 952 1799 erat,
972 1747 1068 1789 dirersis

85 1807 193 1845 certatum
207 1806 324 1847 sententiis
338 1808 373 1846 est
383 1804 467 1845 &tune
481 1801 589 1844 suadente
603 1802 696 1851 beilum,
710 1805 733 1843 et
747 1804 773 1843 ut
784 1801 900 1844 tolleretur
911 1801 1068 1897 delereturpoe

86 1857 208 1911 Carthago,
223 1859 305 1901 lissica
319 1858 470 1900 dissuadente.
488 1855 573 1909 placuit
588 1859 674 1906 tamen,
690 1855 750 1907 quod
764 1859 841 1898 contra
854 1856 934 1897 ioedus
947 1865 1017 1897 nares
1045 1866 1068 1896 a·

85 1911 176 1961 nerent,
197 1912 256 1964 quod
272 1914 384 1954 exercitus
397 1915 461 1954 extra
478 1910 534 1951 ines
547 1909 677 1961 duxissent,
697 1909 758 1962 quod
772 1911 832 1951 socio
847 1911 923 1964 populi
937 1910 1031 1952 Romani
1046 1910 1069 1951 ei

84 1966 156 2007 amico
170 1966 305 2009 Masinissae
319 1977 379 2008 arma
393 1964 534 2013 intulissent,
554 1964 614 2015 quod
628 1963 697 2005 fliium
712 1966 760 2005 eius
775 1964 906 2015 Gulussam,
921 1965 959 2016 qul
974 1975 1022 2005 eum
1037 1962 1068 2005 la·

84 2020 143 2073 gatis
150 2021 256 2062 Romanis
270 2021 326 2070 erat,
341 2021 363 2060 iu
377 2019 482 2072 oppidum
498 2028 541 2058 non
552 2018 698 2071 recepissent,
714 2016 797 2060 bellurn
807 2018 836 2059 iis
846 2017 922 2060 ludici.
938 2017 1068 2070 priusquam

85 2073 145 2115 oilae
165 2075 243 2127 copiae
262 2075 284 2115 in
299 2083 367 2114 naves
381 2075 558 2126 imponerentur,
580 2072 698 2114 Uticenses
712 2070 780 2124 legati
794 2072 886 2113 Romam
901 2072 1021 2119 venerunt,
1042 2079 1068 2110 se

84 2137 171 2178 suaque
185 2129 259 2168 omnia
273 2127 388 2168 dedentes.
408 2138 435 2168 ea
448 2126 530 2179 legatio
546 2126 616 2167 veluti
630 2137 694 2166 omen
708 2129 771 2179 grata
786 2127 898 2179 patribus,
919 2125 1001 2165 acerba
1014 2123 1068 2164 car·

84 2181 265 2233 tbagiuieusibus
278 2181 328 2223 iuit.
350 2181 408 2223 buil
423 2181 472 2221 Diti
487 2181 545 2233 patri
559 2180 587 2220 ad
602 2180 721 2221 terentum
735 2190 763 2220 ex
774 2181 898 2275 ¹praecepto
913 2177 1018 2220 librorum
1032 2177 1069 2218 Si·

84 2234 218 2288 byllluorum
233 2235 292 2285 iacti,
308 2234 346 2287 qul
360 2238 412 2276 ante
426 2245 507 2276 aunum
521 2234 672 2283 centesimum,
687 2234 759 2286 primo
794 2235 859 2276 unico
871 2231 946 2281 bello,
961 2233 1069 2285 quingen·

86 2289 165 2331 tesimo
184 2290 208 2329 et
225 2288 296 2330 altero
314 2300 372 2330 anno
392 2291 419 2330 ab
434 2290 489 2329 urbe
502 2286 603 2338 condita,
626 2288 680 2329 iacti
695 2290 766 2329 erant.
788 2287 857 2339 iegati
871 2287 962 2339 triginta
975 2286 1068 2328 liomaru

86 2345 205 2393 venerunt,
227 2353 267 2396 per
282 2354 377 2395 quosue
392 2341 588 2394 carthaginienses
602 2342 723 2387 dedebant,
744 2342 837 2383 catonis
850 2341 963 2383 sententia
977 2340 1067 2389 devicit,

84 2399 109 2438 ut
123 2397 146 2437 in
162 2396 252 2439 decreto
266 2401 411 2451 perstaretur,
426 2399 449 2438 et
464 2400 488 2437 ut
502 2396 606 2437 consules
620 2407 687 2448 quam
701 2397 795 2450 primum
808 2395 837 2436 ad
847 2395 932 2437 beilum
943 2394 1068 2447 proficisce-

84 2454 168 2492 rentur.
188 2451 227 2504 qni
241 2453 279 2492 ubl
294 2452 316 2492 in
331 2452 427 2493 Africam
443 2451 590 2500 transierunt,
604 2452 703 2504 acceptis
717 2460 774 2502 quos
787 2451 949 2504 imperaverant
962 2447 1069 2510 trecentis

83 2504 210 2556 obsidibus,
237 2510 260 2547 et
281 2507 347 2548 armis
365 2507 510 2558 omnibusque
528 2504 682 2547 instrumentis
706 2504 806 2555 bellicis,
834 2506 854 2546 sl
872 2514 917 2557 qna
936 2501 1069 2555 Carthagine

84 2562 160 2609 erant,
176 2562 238 2611 tunc,
259 2572 308 2603 cum
322 2573 351 2602 ex
365 2561 498 2601 auctoritate
512 2561 599 2613 patrum
613 2560 715 2601 iuberent
729 2561 754 2600 ut
768 2557 790 2599 in
805 2557 873 2600 alium
888 2557 974 2606 iocum,
989 2556 1040 2597 dum
1055 2567 1067 2597 s

84 2613 139 2654 marl
154 2609 230 2653 decern
243 2615 304 2656 milla
319 2625 431 2667 passuum,
446 2625 475 2655 ua
488 2614 573 2665 minus,
587 2617 710 2664 remotum,
725 2612 831 2665 oppidum
846 2613 957 2660 iacerent,
972 2610 1068 2663 indigni·

84 2668 132 2706 tate
151 2667 184 2706 rei
203 2666 233 2707 ad
252 2666 380 2709 bellandum
395 2667 589 2720 Carthaginienses
603 2668 766 2720 compulerunt.
786 2666 884 2708 obsideri
898 2667 1068 2720 oppugnarique

85 2720 165 2770 coepta
179 2722 214 2758 est
228 2719 338 2773 cartilago
356 2722 385 2762 ab
400 2722 425 2762 1..
441 2722 524 2762 blarcio
539 2722 577 2762 Μ’.
591 2721 684 2763 bianiiio
701 2720 837 2762 consulibus.
857 2722 879 2761 iu
895 2731 939 2773 qua
953 2730 1066 2814 oppugna·

84 2773 146 2812 tione
160 2783 209 2811 cum
224 2773 337 2825 neglectos
356 2774 384 2813 ab
399 2785 442 2813 una
457 2778 519 2826 parte
534 2784 607 2815 muros
622 2777 666 2817 duo
681 2776 763 2816 tribuni
778 2777 861 2816 temere
875 2786 925 2816 cum
939 2785 965 2815 co
982 2775 1069 2814 ortibus

84 2824 133 2866 suls
152 2824 285 2877 irrupissent
304 2830 327 2866 et
346 2828 374 2866 ab
393 2827 512 2878 oppidanis
525 2829 623 2879 graviter
636 2827 794 2877 caederentur,
816 2838 830 2867 a
843 2827 950 2880 Scipione
964 2828 1066 2869 Allienus

84 2878 187 2931 expliciti
201 2882 265 2929 sunt,
280 2890 320 2931 per
335 2890 401 2931 quem
415 2883 437 2921 et
451 2879 567 2921 castellnm
577 2881 732 2930 Romanorum,
749 2880 809 2932 qnod
823 2884 889 2922 nocte
902 2881 1066 2934 expugnabant,

83 2933 436 3039 ti⁰iniili¹iiniiti‘ii2
445 2932 811 3042 iiiiilin‘nissitiliilt:
826 2933 1068 3041 intinniit:

84 3041 226 3095 praecipuam
240 3042 332 3093 gloriam
347 3039 406 3082 tulit.
426 3044 544 3093 praeterea
561 3053 610 3082 cum
625 3043 653 3083 ab
669 3044 732 3084 irrita
746 3041 912 3094 oppugnatione
927 3042 1067 3096 Carthaginis

84 3095 161 3136 consul
176 3116 204 3129 -ι
217 3094 275 3136 aiter
289 3094 347 3136 enlm
358 3094 448 3136 Rumam
463 3094 491 3135 ad
506 3095 595 3136 comitia
611 3095 667 3137 ierat
681 3119 709 3130 -
722 3096 843 3137 exercitum
858 3095 949 3137 duceret
959 3097 1067 3138 adsersus

84 3148 257 3199 Hasdrubalem,
279 3148 317 3202 qni
331 3160 381 3191 eum
396 3149 468 3190 altera
482 3159 547 3189 mauu
562 3149 662 3201 iniquum
676 3150 758 3191 saltum
772 3149 890 3199 insiderat,
910 3152 983 3191 sumit
997 3150 1067 3202 primo

84 3203 183 3254 consuli,
204 3214 232 3244 ue
251 3206 296 3245 tam
314 3204 393 3256 iniquo
411 3203 461 3245 loco
475 3203 614 3256 conligeret,
634 3206 707 3245 rictus
721 3203 800 3245 deinde
814 3204 972 3257 complurium,
991 3204 1030 3255 uni
1045 3204 1068 3243 et

84 3255 215 3310 prudentiae
231 3258 278 3298 eius
293 3261 316 3299 et
330 3257 407 3299 virtuti
422 3256 559 3306 inridebant,
574 3259 693 3299 sententiis
707 3260 730 3298 et
745 3258 793 3311 ipse
806 3259 888 3300 saltum
899 3259 1014 3311 ingressus
1025 3258 1068 3297 est.

84 3323 146 3360 curn,
168 3312 227 3352 sient
242 3312 396 3364 praedixerat,
419 3311 482 3352 iusus
496 3310 632 3364 fugatusque
644 3314 705 3353 esset
720 3310 832 3353 Romanus
847 3313 958 3353 exercitus
973 3314 996 3352 et
1010 3310 1067 3349 duae

85 3363 190 3406 cobortes
207 3365 235 3406 ab
254 3365 321 3409 boste
340 3365 507 3416 obsiderentur,
528 3377 577 3406 cum
591 3365 679 3417 exiguis
694 3366 792 3417 equitum
807 3368 885 3408 turmis
899 3367 921 3407 in
936 3365 1018 3406 saltum
1032 3372 1057 3402 ra

85 3427 163 3459 sersus
178 3419 283 3461 liberavit
301 3431 340 3462 eas
355 3422 378 3462 et
391 3419 514 3461 incolumes
528 3419 624 3461 reduxit.
643 3429 709 3470 quam
724 3419 828 3462 virtutem
843 3420 891 3461 eius
905 3422 928 3459 et
943 3420 1012 3465 Catu,
1033 3415 1067 3455 vir
1120 3459 1121 3462 ,

85 3473 221 3524 promptiore
235 3473 263 3513 ad
278 3472 446 3526 vituperandum
462 3474 543 3525 lingua,
559 3475 581 3514 ln
595 3478 675 3515 unatu
689 3475 722 3514 sic
735 3476 868 3526 prosecutus
882 3474 928 3519 est,
944 3474 969 3511 ut
983 3468 1068 3510 diceret

85 3525 193 3577 reliquos,
208 3526 246 3580 pul
261 3527 283 3566 in
298 3526 372 3569 clirico
386 3528 514 3578 militarent,
533 3528 620 3569 umbras
635 3528 737 3574 militare,
752 3527 881 3580 Scipionem
893 3526 982 3577 vigerep
996 3527 1018 3564 et
1027 3534 1057 3575 pu
