2642 4017
235 298 299 363 294
394 299 510 359 LIBER
523 298 613 357 xtv.
637 298 720 358 CAP.
734 306 779 360 oo.
790 306 834 359 41.
857 300 894 376 [a.
910 305 946 356 υ.
962 320 985 358 0.
1000 299 1063 376 585]

238 464 343 533 potum
363 453 502 523 caduca
529 466 631 527 eoque
651 450 684 510 id
705 449 873 511 mirabilius
897 458 977 525 erat,
1004 451 1090 526 quod
1104 457 1224 513 tantum

238 537 389 616 pecuniae
408 537 487 598 intra
506 534 628 609 triginta
649 548 748 594 annos
767 540 841 609 post
865 534 979 595 bellum
997 533 1131 611 Philippi
1152 552 1224 597 eum

235 621 382 684 Romanis
397 620 508 697 partim
522 634 563 678 ex
577 620 679 678 tractu
692 618 892 691 metallorum,
907 618 1018 693 partim
1033 634 1073 678 ex
1086 620 1223 695 vectiga-
1317 653 1318 682 n

237 706 317 767 libus
342 704 410 766 aliis
436 708 650 765 coacervatum
674 701 783 762 luerat.
815 701 919 776 itaque
938 701 1107 762 admodum
1127 704 1222 779 inops

236 790 388 865 pecuniae
398 787 570 863 Philippus,
580 784 714 845 Perseus
724 790 830 845 eontra
841 785 1005 859 praedives
1019 785 1138 846 bellare
1150 802 1222 847 cum

236 872 384 935 Romanis
401 870 512 946 coepit
536 870 607 945 ipse
619 875 778 945 postremo
792 868 904 928 Paulus
918 867 951 928 iu
964 877 1064 944 curru,
1078 885 1222 945 magnam

238 973 308 1017 cum
324 954 471 1029 dignitate
490 953 551 1013 alia
572 951 714 1029 corporis
729 959 794 1013 turn
807 958 934 1013 senecta
946 953 1016 1029 ipsa
1029 952 1220 1019 maiestatem

237 1055 314 1115 prae
336 1053 373 1097 se
392 1038 513 1106 lerens3
541 1043 616 1110 post
637 1051 760 1096 currum
782 1035 860 1097 inter
879 1034 957 1097 alios
978 1036 1114 1098 illustres
1134 1036 1220 1098 viros

236 1121 290 1182 lilii
305 1121 378 1194 duo,
394 1119 428 1194 Q.
442 1120 597 1180 Maximus
611 1125 641 1179 et
655 1119 688 1178 P.
704 1118 827 1194 Scipio;
848 1119 961 1180 deinde
971 1120 1091 1195 equites
1106 1127 1219 1182 turma·
1315 1147 1316 1150 ¹

237 1207 289 1265 lim
304 1211 335 1264 et
348 1203 492 1265 cohortes
508 1204 645 1279 peditum
659 1203 726 1264 suis
738 1217 881 1278 quaeque
891 1202 1061 1264 ordinibus.
1080 1203 1178 1279 pediti
1188 1205 1218 1264 iu

237 1289 377 1364 singulos
398 1288 459 1349 dati
480 1285 597 1347 denarii
618 1286 753 1359 centeni,
775 1280 893 1362 du'plex
905 1289 1085 1363 communi,
1106 1290 1220 1364 trablas

237 1370 342 1448 equiti.
364 1378 482 1433 tanturn
497 1371 591 1447 pediti
606 1371 749 1431 daturum
762 1370 860 1432 luisse
874 1371 1012 1446 eredunt,
1034 1377 1064 1432 et
1076 1387 1134 1447 pro
1151 1377 1219 1431 rata

238 1457 315 1529 aliis,
331 1456 359 1516 si
371 1463 425 1517 aut
437 1472 499 1517 non
514 1453 658 1529 refragati
670 1454 780 1515 honori
791 1455 859 1515 eius
870 1452 1010 1530 luissent,
1024 1460 1077 1515 aut
1086 1455 1219 1529 henigne

236 1540 296 1601 hac
309 1540 381 1616 ipsa
397 1555 517 1601 summa
530 1538 727 1614 pronuntiata
741 1539 973 1598 acclamassent.
1315 1599 1316 1604 ,

323 1622 387 1684 Sed
406 1639 469 1685 non
489 1622 620 1683 Perseus
634 1629 750 1682 mutum
764 1636 821 1697 per
834 1621 904 1682 illos
920 1620 988 1682 dies
1002 1621 1219 1683 documentum
1315 1611 1316 1674 l

238 1714 441 1767 liunranorum
456 1722 585 1767 casuum
599 1707 670 1781 luit,
691 1707 722 1765 in
737 1706 854 1766 catenis
869 1712 940 1766 ante
955 1721 1077 1766 currum
1091 1705 1218 1770 victoris
1315 1709 1316 1712 ’

238 1790 326 1850 ducis
341 1806 399 1866 per
411 1791 519 1851 urbem
532 1789 666 1851 hostium
681 1789 802 1864 ductus,
819 1790 876 1850 sed
887 1790 977 1851 etiam
988 1789 1086 1850 vietor
1096 1789 1218 1865 Paulus,

237 1889 314 1934 auro
329 1889 530 1949 purpuraque
542 1875 675 1950 fulgens.
698 1890 768 1933 nam
782 1872 906 1936 duobus
920 1888 938 1933 e
953 1871 1034 1947 filiis,
1049 1889 1129 1948 quos
1142 1873 1217 1934 duo-

238 1954 297 2019 bus
312 1958 391 2019 datis
406 1956 436 2017 in
451 1958 648 2032 adoptionem
662 1958 749 2018 solos
760 1955 891 2017 nominis
903 1971 1062 2017 sacrorum
1073 1956 1217 2017 familiae·

239 2057 300 2118 que
325 2042 457 2103 heredes
481 2042 647 2102 retinuerat
673 2041 771 2115 domi,
797 2041 912 2112 minor,
939 2040 1036 2100 terme
1056 2040 1219 2101 duodecim

238 2142 338 2188 annos
350 2133 450 2202 natus,
465 2126 602 2203 quinque
614 2125 724 2186 diebus
735 2131 806 2185 ante
815 2123 1010 2200 triumphurn,
1022 2124 1119 2184 maior
1131 2129 1219 2198 qual·

239 2210 408 2271 tuordecirn
419 2226 569 2272 annorum
583 2210 683 2270 triduo
694 2214 768 2285 post
775 2208 961 2285 triumphum
972 2206 1124 2277 decessit;
1138 2222 1217 2283 quos

238 2300 448 2369 praetextatos
475 2310 567 2355 curru
591 2293 661 2353 vehi
687 2309 756 2354 eum
780 2299 882 2369 patre,
907 2289 968 2352 sibi
991 2291 1080 2366 ipsos
1102 2290 1218 2352 similes

239 2376 503 2453 praedestinantes
525 2377 712 2452 triumphos,
736 2381 922 2453 oportuerat.
943 2375 1053 2450 paucis
1068 2381 1142 2451 post
1155 2375 1219 2436 die·

238 2460 314 2536 bus,
337 2462 408 2522 data
422 2477 441 2519 a
454 2461 495 2519 Μ.
510 2461 646 2520 Antonio
660 2461 782 2520 tribuno
796 2459 897 2535 plebis
912 2458 1071 2533 contione,
1098 2474 1167 2519 eum
1179 2459 1219 2519 de

238 2543 304 2603 suis
318 2544 412 2603 rebus
427 2542 524 2616 gestis
538 2557 625 2602 more
639 2549 811 2603 ceterorum
825 2543 1043 2619 imperatorum
1054 2542 1218 2603 disseruis·
1317 2557 1318 2624 t

239 2634 301 2697 set,
323 2625 529 2686 memorabilis
550 2625 617 2686 eius
638 2626 735 2687 oratio
757 2632 788 2686 et
807 2626 901 2702 digna
915 2628 1055 2687 Romano
1077 2625 1218 2701 principe
1317 2635 1318 2646 ¹

237 2705 302 2768 luit.
327 2706 403 2768 XLI.
421 2724 628 2786 „quamquam
648 2715 680 2770 et
693 2717 808 2785 quanta
827 2711 970 2772 felicitate
982 2726 1048 2771 rem
1062 2710 1217 2787 publicam
1317 2709 1318 2770 ]

237 2791 527 2867 administrarentur,
550 2801 581 2855 et
597 2809 678 2870 quae
694 2794 755 2856 duo
770 2794 896 2855 fulmina
911 2795 1036 2856 domurn
1048 2809 1148 2854 meam
1162 2804 1214 2869 per

237 2875 296 2936 hos
313 2876 379 2937 dies
395 2879 596 2953 perculerint,
619 2895 681 2940 non
702 2878 844 2954 ignorare
857 2895 915 2939 vos
931 2877 1062 2953 Quirites
1077 2877 1216 2950 arbitror,

237 2975 306 3020 cum
322 2964 501 3036 spectaculo
516 2964 607 3025 vobis
622 2979 704 3024 nunc
718 2961 891 3038 triumphus
903 2977 1000 3034 meus,
1016 2977 1097 3021 nunc
1108 2961 1218 3021 lunera

236 3043 401 3106 liberorum
422 3063 559 3109 meorum
580 3047 707 3122 luerint,
728 3054 830 3107 tamen
850 3046 958 3122 paucis
974 3061 1092 3121 quaeso
1108 3044 1215 3104 sinatis
1317 3039 1318 3114 l

236 3143 286 3187 me
301 3143 370 3190 eum
384 3131 509 3205 publica
523 3130 667 3193 felicitate
682 3145 861 3206 comparare
876 3145 913 3190 eo
930 3146 992 3205 quo
1004 3129 1104 3189 debeo
1116 3127 1216 3187 animo

236 3212 388 3287 privatam
408 3229 507 3275 meam
528 3216 691 3276 romanam.
719 3215 877 3289 proiectus
898 3229 940 3273 ex
952 3213 1038 3273 ltalia
1052 3213 1218 3273 classema

234 3295 399 3357 Brundisio
422 3299 489 3357 sole
510 3306 577 3358 orto
592 3298 686 3372 solvi,
708 3314 790 3358 nona
810 3297 870 3358 diei
891 3297 969 3359 hora
989 3312 1059 3357 eum
1076 3295 1218 3355 omnibus
1317 3363 1318 3370 ἵ

235 3380 312 3440 meis
333 3380 463 3440 navibus
485 3380 652 3458 corcyram
670 3383 764 3442 tenui.
796 3380 869 3440 inde
891 3381 995 3455 quinto
1018 3380 1068 3439 dle
1088 3377 1218 3453 Delphis
1317 3377 1318 3388 ¹

235 3464 371 3537 Apollini
385 3480 442 3539 pro
457 3479 507 3523 me
519 3463 768 3540 exercitibusque
782 3470 813 3524 et
828 3463 980 3524 classibus
995 3462 1107 3522 vestris
1122 3461 1218 3521 sacri·

235 3543 335 3605 boavi.
358 3563 377 3607 a
395 3547 522 3624 Delphis
545 3547 650 3624 quinto
673 3545 723 3606 die
737 3547 767 3605 in
784 3553 884 3606 castra
898 3544 1041 3622 perveni;
1059 3543 1114 3605 ubi
1127 3559 1214 3605 exer·
