2642 4017
233 315 274 379 ro
373 311 489 372 ursan
500 307 631 370 ιιιιιιιιι.
654 289 737 366 aar.
750 313 792 370 ιι.
806 312 848 368 re
871 310 908 377 [a.
921 308 955 362 v·
968 306 1070 376 emoti

230 467 392 526 multorum
413 461 538 523 nomina
557 459 667 518 delata.
700 456 825 531 quidam
839 470 879 515 ex
893 454 930 514 iis
944 454 1002 513 viri
1017 454 1214 530 feminaeque

230 557 358 611 mortem
372 544 431 606 sibi
445 542 670 605 consciverunt.
690 540 871 600 coniurasse
885 553 981 613 supra
995 543 1115 612 septem
1129 537 1215 598 milia

229 633 365 694 virorum
385 644 421 690 ac
440 628 601 689 mulierum
622 622 808 684 dicebantur.
837 621 938 697 eapite
956 628 1056 681 autem
1071 621 1215 681 conima·

230 716 322 778 tionis
343 712 504 774 constabat
526 722 598 768 osse
615 706 655 766 ht
671 714 702 766 et
717 706 748 767 c.
763 703 884 767 AtinIos
906 704 946 763 de
966 703 1057 779 plebe
1072 704 1210 765 Romana

229 808 261 861 et
279 798 433 860 Faliscum
452 794 486 854 L.
503 791 690 867 Opiternium
710 797 741 849 et
759 788 888 848 Minium
901 786 1068 847 Cerrinium
1083 787 1212 862 campa·

231 899 318 944 num:
341 881 379 940 ab
393 877 442 938 his
459 875 561 937 omnia
574 874 711 934 facinora
725 880 756 933 et
769 871 885 947 flagitia
898 878 974 943 orta
989 885 1046 930 eos
1060 871 1212 932 maximos

231 965 410 1026 sacerdotes
426 959 664 1032 conditoresque
678 956 744 1016 eius
757 956 837 1016 sacri
852 970 934 1016 esse.
957 955 1029 1014 data
1043 969 1140 1029 opera
1154 962 1211 1027 est,

231 1057 264 1110 ut
286 1047 384 1122 primo
406 1056 532 1119 quoque
552 1047 691 1116 tempore
711 1038 1051 1115 comprehenderentur.
1088 1035 1214 1098 adducti

207 1204 209 1208 ¹
231 1132 272 1191 ad
288 1129 432 1191 consules
442 1124 580 1201 lassique
591 1124 631 1183 de
641 1140 677 1184 se
687 1124 800 1183 nullam
811 1138 928 1183 moram
939 1120 1053 1182 ludIcio
1064 1122 1213 1181 lecerunt

231 1212 338 1273 XVIII.
368 1218 503 1271 ceterum
526 1214 611 1268 tanta
630 1208 704 1281 luga
724 1222 765 1267 ex
783 1206 860 1266 urbe
879 1208 960 1266 lacta
979 1211 1059 1278 erat,
1086 1210 1120 1263 ut
1141 1204 1214 1279 quia

232 1296 333 1357 multis
355 1295 493 1355 oenones
515 1301 545 1352 ct
557 1307 609 1351 res
630 1289 784 1364 peribant,
807 1295 989 1364 cogerentur
1005 1293 1165 1362 praetores
1178 1287 1213 1347 Τ.

232 1379 372 1440 Maenius
392 1385 423 1438 et
435 1377 476 1436 nt.
493 1374 628 1435 LicInius
647 1388 704 1448 per
723 1380 863 1434 senatum
883 1388 934 1434 res
955 1372 986 1431 in
1000 1370 1081 1430 diem
1095 1368 1213 1430 tricesi-

233 1479 315 1522 mum
341 1459 479 1534 differre,
506 1459 606 1519 donec
627 1457 824 1532 quaestiones
845 1470 864 1515 a
884 1453 1061 1516 consulibus
1084 1452 1213 1529 perlice-

232 1552 346 1606 rentur.
381 1544 493 1604 eadem·
505 1540 653 1613 solitudo,
677 1540 750 1614 quia
764 1540 881 1600 nomae
894 1555 958 1600 non
971 1537 1213 1612 respondebant,

234 1643 291 1688 nec
316 1626 549 1687 inveniebantur
575 1638 705 1698 quorum
724 1623 847 1683 nomina
868 1622 968 1682 delata
989 1627 1088 1692 crant,
1114 1621 1215 1695 coegit

235 1712 379 1771 consules
400 1709 481 1769 eirca
501 1710 568 1767 lora
588 1706 744 1783 prodaisci
761 1706 866 1780 ibique
889 1718 1038 1780 quaerere
1058 1710 1089 1763 et
1101 1703 1215 1763 iudicia

233 1808 389 1853 exercere.
418 1790 472 1867 qui
490 1798 609 1852 tantum
627 1788 735 1851 initiati
749 1794 849 1861 erant,
875 1795 959 1849 etex
973 1787 1107 1847 carmIne
1122 1801 1214 1847 sacro

125 1914 127 1916 .
236 1883 401 1952 praeeunte
416 1874 510 1935 verba
520 1874 683 1934 sacerdote
693 1872 887 1949 precationes
899 1873 1043 1945 fecerant,
1057 1869 1089 1929 in
1101 1869 1214 1944 quibus

236 1960 369 2020 nefanda
389 1956 557 2020 coniuratIo
573 1958 604 2016 in
619 1972 711 2016 omne
724 1955 843 2016 lacinus
857 1971 895 2015 ac
908 1954 1064 2015 libidinem
1078 1952 1214 2015 contiue-

236 2045 337 2116 batur,
359 2058 417 2102 nec
431 2056 536 2101 aarum
548 2054 650 2098 rerum
664 2039 772 2110 ullam,
786 2036 819 2097 in
834 2055 913 2113 quas
928 2037 1123 2099 iureiurando
1139 2036 1215 2096 obii-

235 2126 297 2199 gali
311 2131 411 2194 erant,
434 2123 464 2181 iu
480 2137 515 2181 se
529 2127 582 2181 aut
595 2122 673 2181 alios
689 2120 889 2195 admiserant,
905 2137 961 2182 eos
974 2120 1006 2180 in
1020 2120 1152 2180 vinculis
1166 2134 1214 2179 re-

235 2206 430 2281 linquebanta
463 2203 517 2280 qui
537 2204 652 2279 stupris
672 2210 725 2264 aut
743 2204 891 2265 caedibus
912 2204 1016 2265 violati
1036 2209 1137 2276 erant,
1162 2202 1215 2278 qui

238 2290 324 2350 lalsis
335 2286 526 2363 testimoniis,
542 2288 638 2362 signis
650 2287 837 2362 adulterinis,
850 2286 1214 2349 sublectionetestamen·
1315 2333 1316 2364 3

237 2381 346 2447 torum,
362 2372 522 2433 fraudibus
537 2371 604 2432 aliis
620 2370 823 2446 contaminati,
838 2386 894 2432 eos
909 2370 1031 2446 capitali
1045 2385 1146 2445 poena
1161 2369 1214 2429 ad·
1315 2389 1316 2402 ι

237 2456 390 2517 liciebant.
423 2458 527 2530 plures
552 2455 653 2515 necati
676 2470 767 2529 quam
788 2455 819 2514 ia
839 2454 964 2515 vincula
983 2451 1112 2513 coniecti
1133 2459 1214 2513 suut

236 2554 347 2613 magna
366 2537 460 2598 visin
480 2544 611 2612 utraque
632 2553 729 2600 causa
749 2537 883 2598 virorum
905 2536 1129 2611 mulierumque
1149 2534 1214 2596 ierit

237 2621 380 2680 mulieres
396 2621 553 2682 damnatas
569 2622 717 2696 cognatis,
739 2627 791 2682 aut
803 2621 834 2681 in
850 2636 979 2697 quorum
992 2636 1085 2680 manu
1099 2625 1215 2692 essent,

187 2771 194 2784 .
238 2703 412 2777 tradebant,
434 2710 468 2764 ut
485 2704 546 2779 ipsi
566 2703 597 2763 in
617 2705 738 2779 privato
759 2704 1035 2765 animadverterent
1047 2701 1079 2762 in
1094 2717 1165 2762 ease
1186 2699 1215 2762 si

238 2801 328 2846 nemo
349 2794 415 2847 erat
427 2786 557 2848 idoneus
576 2787 720 2862 supplicii
734 2793 876 2862 exactor,
896 2786 927 2847 in
941 2785 1063 2861 publico
1079 2785 1214 2845 animad—

237 2870 422 2931 vertebam.
458 2871 561 2932 datum
585 2870 696 2930 deinde
720 2870 899 2931 consulibus
919 2870 1073 2945 negotium
1093 2875 1156 2942 est,
1181 2876 1215 2928 ut

239 2951 342 3013 omnia
354 2952 558 3016 Bacchanalia
570 2953 687 3014 Romae
701 2953 840 3027 primum,
855 2952 966 3013 deinde
980 2968 1036 3028 per
1049 2959 1143 3013 totam
1156 2950 1214 3010 lta·

239 3033 1214 3111 liamdiruerentextraquamsiquaihivetustaaraautsignum

240 3126 451 3181 consecratum
466 3127 558 3181 esset
595 3120 626 3179 in
640 3119 791 3194 reliquum
805 3118 918 3180 deinde
932 3127 1057 3181 senatus
1073 3116 1214 3177 consulto
1315 3149 1316 3152 =

239 3210 360 3262 cautum
386 3208 447 3278 est,
472 3218 511 3263 ne
537 3218 599 3277 qua
616 3202 821 3263 Bacchanalia
839 3203 956 3265 Romae
978 3216 1058 3262 nevo
1080 3199 1114 3261 in
1129 3199 1216 3260 Italia

239 3292 354 3346 essent.
379 3285 407 3346 si
427 3285 495 3359 quis
515 3288 578 3347 tale
596 3301 717 3346 sacrum
731 3287 879 3347 sollemne
893 3293 924 3349 et
937 3281 1145 3346 necessarium
1160 3283 1215 3343 du-

158 3446 162 3453 ·
240 3376 337 3440 aeret,
353 3383 411 3429 nee
425 3369 492 3429 sine
505 3367 654 3443 religione
668 3376 698 3429 et
711 3369 832 3443 piaculo
847 3384 883 3429 se
896 3369 929 3429 id
942 3367 1092 3429 dImittere
1106 3380 1214 3443 posse,
1315 3367 1316 3396 l

240 3454 323 3529 apud
345 3459 516 3530 praetorem
537 3452 685 3513 urbanum
705 3452 912 3527 profiteretur,
935 3459 1058 3527 praetor
1074 3454 1215 3510 senatum
1315 3455 1316 3514 l

242 3539 423 3600 consuleret
452 3537 479 3598 si
492 3536 521 3597 ei
536 3535 721 3613 pemrissum
735 3544 827 3609 esset,
841 3549 911 3596 cum
925 3536 955 3596 in
970 3542 1078 3596 senatu
1093 3541 1215 3594 centum
