2642 4017
305 252 422 311 LIBER
435 252 523 312 XLII.
545 252 628 312 chr.
642 261 742 317 ente.
762 260 798 327 [a.
807 260 838 312 (l.
847 261 908 329 171]
1040 257 1099 322 161

125 401 270 464 oblatam.
300 401 327 460 si
348 401 427 460 male
451 401 547 463 meriti
568 402 759 463 clementiam
778 401 885 479 populi
903 405 1033 466 Romani
1048 422 1101 468 ex·

124 486 344 561 pernossent,
370 483 450 544 bene
476 484 622 545 merendo
647 485 858 547 liberalitatem
883 488 1101 563 experirentur.

123 569 251 631 Boeotis
266 566 484 644 exprobratum
496 567 674 629 societatem
684 584 740 630 eos
752 584 820 630 cum
830 569 943 631 Perseo
954 570 1102 634 iunxisse.

125 668 197 712 cum
211 651 332 728 culpam
353 651 384 711 in
406 651 568 712 Ismeniam
588 652 757 728 principem
777 653 902 714 alterius
919 654 1015 731 partis
1031 672 1103 717 con-

124 738 254 810 terrent,
269 741 300 796 et
315 734 464 809 quasdam
481 733 619 796 civitates
633 735 849 797 dissentientes
863 737 894 796 in
910 753 1035 800 causam
1050 740 1103 800 dc-

54 856 58 863 ·
123 819 250 893 ductas,
267 817 475 894 appariturum
490 818 521 879 id
536 834 608 879 esse
621 819 753 880 Marcius
768 821 943 896 respondit:
972 822 1102 899 singulis

123 903 207 963 enirn
222 901 393 963 civitatibus
408 901 447 960 de
462 917 498 961 se
512 901 588 977 ipsis
604 903 784 963 consulendi
804 910 986 979 potestatem
1007 906 1102 968 iactu·

121 1000 189 1046 ros.
213 983 430 1046 Thessalorum
443 984 569 1045 Larisae
582 985 637 1046 iuit
653 985 824 1047 concilium.
846 986 887 1047 ibi
904 994 934 1047 et
947 987 1102 1050 Thessalis

121 1066 258 1144 benigna
271 1069 397 1128 materia
407 1067 520 1143 gratias
531 1069 643 1143 agendi
653 1069 800 1130 Romanis
811 1086 868 1145 pro
880 1069 1027 1133 libertatis
1039 1089 1103 1133 mu-

122 1168 199 1213 nere
214 1151 283 1226 luit,
298 1159 330 1212 et
341 1152 464 1227 legatis,
480 1151 564 1227 quod
579 1161 609 1213 et
621 1151 752 1229 Philippi
765 1151 852 1229 prius
867 1160 897 1213 et
910 1162 983 1230 post
995 1155 1102 1217 Antio-

122 1235 173 1296 chi
189 1235 270 1297 bello
286 1236 376 1296 enixe
397 1234 491 1295 adiuti
512 1251 531 1295 a
550 1242 641 1310 gente
663 1236 880 1297 Thessalorum
899 1245 1014 1298 essent.
1043 1238 1102 1299 hac

121 1324 227 1380 mutua
242 1319 528 1379 commemoratione
541 1318 715 1379 meritorum
726 1319 849 1380 accensi
864 1320 955 1380 animi
970 1320 1101 1383 multitu·

124 1403 207 1464 dinis
222 1402 263 1471 ad
277 1403 379 1462 omnia
393 1402 587 1462 decernenda
599 1418 680 1478 quae
695 1403 825 1464 Romani
839 1402 961 1464 vellent.

210 1485 386 1548 Secundum
400 1485 461 1546 hoc
477 1486 639 1546 concilium
653 1485 744 1561 legati
759 1501 778 1544 a
792 1485 906 1545 Perseo
922 1501 996 1560 rege
1009 1502 1101 1547 vene·

121 1577 208 1644 runt,
227 1569 337 1645 privati
352 1569 483 1629 maxime
499 1569 623 1645 hospitii
644 1569 774 1642 fiducia,
796 1568 879 1642 quod
901 1568 929 1626 ei
943 1575 1102 1645 paternum

123 1668 194 1712 cum
214 1652 330 1713 Marcio
352 1658 426 1712 erat.
454 1651 492 1711 ab
513 1651 604 1713 huius
624 1651 861 1712 necessitudinis
883 1667 1102 1714 commemora·

122 1737 209 1797 tione
225 1737 289 1796 orsi
311 1737 462 1812 petierunt
481 1736 588 1811 legati,
610 1735 641 1795 in
663 1733 851 1810 colloquium
873 1735 1016 1797 veniendi
1036 1736 1101 1812 regi

124 1825 309 1896 potestatem
327 1821 449 1880 laceret.
478 1819 611 1879 Marcius
634 1825 665 1879 at
686 1835 721 1879 se
742 1818 784 1879 ita
803 1834 823 1878 a
842 1827 929 1895 patre
940 1835 998 1881 suo
1013 1835 1101 1880 acce·

124 1904 211 1980 pisse
227 1904 316 1978 dixit,
334 1903 497 1964 amicitiam
511 1902 741 1979 hospitiumque
755 1918 823 1963 cum
838 1902 978 1979 Philippo
995 1905 1101 1965 luisse.

124 1987 248 2047 minime
262 1987 470 2048 immemorem
484 1986 721 2047 necessitudinis
741 1987 808 2047 eius
830 1987 1013 2062 legationem
1033 2002 1101 2047 eam

125 2072 314 2146 suscepisse.
343 2071 543 2146 colloquium,
565 2072 592 2131 si
612 2071 689 2132 satis
712 2071 874 2130 commode
888 2070 1019 2144 valeret,
1039 2084 1101 2128 non

126 2153 225 2214 luisse
239 2170 274 2214 se
294 2156 473 2224 dilaturum3
497 2170 591 2227 nunc,
614 2155 668 2216 ubi
689 2155 820 2231 primum
842 2160 963 2229 posset,
986 2153 1027 2213 ad
1046 2151 1098 2212 Pe-

124 2246 215 2297 neum
228 2236 351 2311 ssumen,
368 2254 430 2315 qua
442 2239 587 2299 transitus
601 2239 640 2299 ab
650 2238 792 2299 Homolio
803 2237 892 2300 Dium
906 2243 998 2312 esset,
1012 2251 1101 2312 prae-

124 2321 231 2382 missis
254 2322 305 2397 qui
327 2321 499 2383 nuntiarent
524 2322 604 2397 regi,
632 2329 788 2383 venturos.
831 2320 964 2381 XXXIX.
987 2327 1018 2380 et
1037 2327 1101 2380 tum

125 2404 249 2479 quidem
266 2404 304 2464 ab
318 2405 375 2466 Dio
390 2404 521 2466 Perseus
535 2406 566 2465 in
587 2406 732 2467 interiora
752 2404 838 2480 regni
859 2404 968 2478 recipit
988 2418 1023 2463 se
1038 2403 1100 2462 levi

124 2504 200 2549 aura
216 2489 284 2564 spei
299 2489 432 2561 obieeta,
449 2490 535 2564 quod
547 2489 681 2549 Marcius
697 2489 795 2565 ipsius
811 2503 907 2549 causa
922 2484 1102 2563 suscepisse

124 2587 160 2630 se
174 2572 356 2646 legationem
371 2572 514 2634 dixisset:
540 2580 613 2648 post
633 2573 701 2633 dies
715 2587 833 2648 paucos
849 2571 891 2632 ad
906 2570 1102 2637 constitutum

123 2655 226 2716 locum
240 2663 398 2717 venerunt
427 2671 555 2731 magnus
570 2657 731 2718 comitatus
753 2657 809 2743 luit
820 2656 925 2731 regius
943 2671 1013 2717 cum
1028 2654 1100 2714 ami-

123 2753 229 2798 corum
244 2745 308 2800 tum
323 2739 484 2800 satellitum
497 2739 586 2799 turba
601 2740 743 2816 stipante.
772 2756 834 2800 non
849 2740 966 2800 minore
981 2738 1102 2814 agmine

124 2822 216 2895 legati
231 2830 380 2884 venerunt
393 2830 424 2883 et
437 2822 476 2883 ab
491 2822 599 2883 Larisa
618 2822 720 2883 multis
740 2822 1000 2899 prosequentibus
1016 2828 1046 2881 et
1058 2824 1101 2881 le-

122 2905 298 2979 gationibus
314 2906 494 2980 civitatium,
516 2922 597 2982 quae
618 2912 826 2966 convenerant
843 2906 982 2966 Larisam
1004 2911 1035 2965 et
1053 2920 1098 2964 re·

122 2989 264 3048 nuntiare
283 2989 408 3050 domum
430 2995 513 3050 certa
534 3005 614 3064 quae
634 2989 796 3049 audissent
817 2989 970 3048 volebant.
1005 2987 1103 3047 inerat

123 3085 198 3131 cura
211 3072 303 3134 insita
319 3073 497 3133 mortalibus
512 3072 637 3132 videndi
651 3073 885 3147 congredientes
901 3070 1034 3133 nobilem
1053 3086 1100 3130 ro

121 3169 191 3228 gem
207 3162 238 3215 et
248 3157 355 3235 populi
369 3156 517 3233 principis
527 3164 677 3217 terrarum
688 3156 822 3216 omnium
833 3156 960 3231 legatos.
985 3153 1015 3214 in
1027 3170 1100 3215 con-

122 3245 233 3312 spectu
246 3246 394 3300 steterunt
409 3239 567 3300 dirimente
581 3240 680 3300 amnia
709 3239 868 3316 paulisper
884 3238 1100 3300 intemuntian-

121 3319 163 3381 do
179 3323 330 3384 cunctatio
346 3322 414 3394 luit,
432 3323 488 3383 utri
499 3323 791 3398 transgrederentur.
817 3323 933 3398 aliquid
945 3322 986 3382 illi
998 3321 1100 3394 regiae

120 3403 286 3480 maiestati,
304 3406 418 3482 aliquid
432 3405 464 3465 hi
475 3407 582 3483 populi
593 3407 723 3468 Romani
735 3406 863 3479 nondni,
880 3422 948 3465 cum
962 3416 1098 3478 praesen

119 3485 173 3546 tim
190 3487 323 3550 Perseus
340 3491 469 3564 petisset
483 3490 679 3566 colloquium,
695 3488 909 3550 existimabant
924 3485 1037 3545 deberi.
1055 3484 1096 3543 io·

164 3586 191 3628 r.
205 3587 267 3630 urvr
283 3588 362 3630 rans
377 3574 416 3631 V.
860 3579 891 3629 11
1024 3594 1027 3601 ·
