<?xml version="1.0" encoding="UTF-8"?>
<!DOCTYPE html PUBLIC "-//W3C//DTD XHTML 1.0 Transitional//EN"
    "http://www.w3.org/TR/xhtml1/DTD/xhtml1-transitional.dtd">
<html xmlns="http://www.w3.org/1999/xhtml" xml:lang="en" lang="en">
 <head>
  <title>
</title>
<meta http-equiv="Content-Type" content="text/html;charset=utf-8" />
  <meta name='ocr-system' content='tesseract 3.04.00' />
  <meta name='ocr-capabilities' content='ocr_page ocr_carea ocr_par ocr_line ocrx_word'/>
</head>
<body>
  <div class='ocr_page' id='page_1' title='image "./aburbeconditali01mlgoog_0338.png"; bbox 0 0 2642 4017; ppageno 0'>
   <div class='ocr_carea' id='block_1_1' title="bbox 237 227 1082 317">
    <p class='ocr_par' dir='ltr' id='par_1_1' title="bbox 237 227 1082 317">
     <span class='ocr_line' id='line_1_1' title="bbox 237 227 1082 317; baseline -0.004 0"><span class='ocrx_word' id='word_1_1' title='bbox 237 227 301 317; x_wconf 78' lang='lat' dir='ltr'><strong>eoo</strong></span> <span class='ocrx_word' id='word_1_2' title='bbox 377 254 573 316; x_wconf 73' lang='lat' dir='ltr'><strong>urrunnun</strong></span> <span class='ocrx_word' id='word_1_3' title='bbox 586 253 790 315; x_wconf 72' lang='lat' dir='ltr'><strong>iwannum</strong></span> <span class='ocrx_word' id='word_1_4' title='bbox 801 254 1082 315; x_wconf 72' lang='lat' dir='ltr'><strong>xcvi-xenii.</strong></span> 
     </span>
    </p>
   </div>
   <div class='ocr_carea' id='block_1_2' title="bbox 236 387 1227 456">
    <p class='ocr_par' dir='ltr' id='par_1_2' title="bbox 236 387 1227 456">
     <span class='ocr_line' id='line_1_2' title="bbox 236 387 1227 456; baseline 0.003 -13"><span class='ocrx_word' id='word_1_5' title='bbox 236 401 370 455; x_wconf 70' lang='lat' dir='ltr'><strong>reliquerat,</strong></span> <span class='ocrx_word' id='word_1_6' title='bbox 390 402 497 443; x_wconf 87' lang='lat' dir='ltr'><strong>continet.</strong></span> <span class='ocrx_word' id='word_1_7' title='bbox 516 399 576 442; x_wconf 85' lang='lat' dir='ltr'><strong>bunc</strong></span> <span class='ocrx_word' id='word_1_8' title='bbox 590 399 722 444; x_wconf 81' lang='lat' dir='ltr'><strong>Antiochum</strong></span> <span class='ocrx_word' id='word_1_9' title='bbox 740 387 901 455; x_wconf 84' lang='lat' dir='ltr'><strong>puerum⁰cum</strong></span> <span class='ocrx_word' id='word_1_10' title='bbox 915 404 982 456; x_wconf 78' lang='lat' dir='ltr'><strong>Lysia</strong></span> <span class='ocrx_word' id='word_1_11' title='bbox 1000 406 1075 445; x_wconf 89' lang='lat' dir='ltr'><strong>tutore</strong></span> <span class='ocrx_word' id='word_1_12' title='bbox 1088 403 1227 446; x_wconf 84' lang='lat' dir='ltr'><strong>Demetrius</strong></span> 
     </span>
    </p>
   </div>
   <div class='ocr_carea' id='block_1_3' title="bbox 212 454 1227 3585">
    <p class='ocr_par' dir='ltr' id='par_1_3' title="bbox 234 454 1227 778">
     <span class='ocr_line' id='line_1_3' title="bbox 236 454 1227 509; baseline 0.002 -13"><span class='ocrx_word' id='word_1_13' title='bbox 236 456 325 497; x_wconf 84' lang='lat' dir='ltr'><strong>Seleuci</strong></span> <span class='ocrx_word' id='word_1_14' title='bbox 340 454 413 505; x_wconf 77' lang='lat' dir='ltr'><strong>filius,</strong></span> <span class='ocrx_word' id='word_1_15' title='bbox 433 455 471 507; x_wconf 83' lang='lat' dir='ltr'><strong>nai</strong></span> <span class='ocrx_word' id='word_1_16' title='bbox 485 456 569 497; x_wconf 85' lang='lat' dir='ltr'><strong>Romae</strong></span> <span class='ocrx_word' id='word_1_17' title='bbox 582 456 650 496; x_wconf 88' lang='lat' dir='ltr'><strong>obses</strong></span> <span class='ocrx_word' id='word_1_18' title='bbox 665 454 748 506; x_wconf 85' lang='lat' dir='ltr'><strong>iuerat,</strong></span> <span class='ocrx_word' id='word_1_19' title='bbox 768 456 835 507; x_wconf 87' lang='lat' dir='ltr'><strong>clam,</strong></span> <span class='ocrx_word' id='word_1_20' title='bbox 855 455 966 509; x_wconf 87' lang='lat' dir='ltr'><strong>quianon</strong></span> <span class='ocrx_word' id='word_1_21' title='bbox 981 456 1134 499; x_wconf 68' lang='lat' dir='ltr'><strong>dimittebatur</strong></span> <span class='ocrx_word' id='word_1_22' title='bbox 1147 469 1162 497; x_wconf 95' lang='lat' dir='ltr'><strong>a</strong></span> <span class='ocrx_word' id='word_1_23' title='bbox 1177 459 1227 501; x_wconf 75' lang='lat' dir='ltr'><strong>lin·</strong></span> 
     </span>
     <span class='ocr_line' id='line_1_4' title="bbox 235 509 1225 564; baseline 0.004 -15"><span class='ocrx_word' id='word_1_24' title='bbox 235 510 314 559; x_wconf 87' lang='lat' dir='ltr'><strong>manis,</strong></span> <span class='ocrx_word' id='word_1_25' title='bbox 329 509 452 559; x_wconf 70' lang='lat' dir='ltr'><strong>interemit,</strong></span> <span class='ocrx_word' id='word_1_26' title='bbox 467 511 490 549; x_wconf 92' lang='lat' dir='ltr'><strong>et</strong></span> <span class='ocrx_word' id='word_1_27' title='bbox 504 509 589 563; x_wconf 91' lang='lat' dir='ltr'><strong>ipsein</strong></span> <span class='ocrx_word' id='word_1_28' title='bbox 603 519 695 563; x_wconf 71' lang='lat' dir='ltr'><strong>regnum</strong></span> <span class='ocrx_word' id='word_1_29' title='bbox 710 513 823 563; x_wconf 87' lang='lat' dir='ltr'><strong>receptus.</strong></span> <span class='ocrx_word' id='word_1_30' title='bbox 838 511 864 555; x_wconf 80' lang='lat' dir='ltr'><strong>L.</strong></span> <span class='ocrx_word' id='word_1_31' title='bbox 876 511 972 552; x_wconf 79' lang='lat' dir='ltr'><strong>Aemilio</strong></span> <span class='ocrx_word' id='word_1_32' title='bbox 984 511 1063 560; x_wconf 83' lang='lat' dir='ltr'><strong>Panlo,</strong></span> <span class='ocrx_word' id='word_1_33' title='bbox 1078 513 1117 564; x_wconf 77' lang='lat' dir='ltr'><strong>qni</strong></span> <span class='ocrx_word' id='word_1_34' title='bbox 1132 512 1225 554; x_wconf 83' lang='lat' dir='ltr'><strong>Peraea</strong></span> 
     </span>
     <span class='ocr_line' id='line_1_5' title="bbox 235 564 1224 614; baseline 0.004 -11"><span class='ocrx_word' id='word_1_35' title='bbox 235 566 333 614; x_wconf 81' lang='lat' dir='ltr'><strong>vicerat,</strong></span> <span class='ocrx_word' id='word_1_36' title='bbox 348 567 435 604; x_wconf 87' lang='lat' dir='ltr'><strong>mortno</strong></span> <span class='ocrx_word' id='word_1_37' title='bbox 449 566 512 604; x_wconf 69' lang='lat' dir='ltr'><strong>tenu</strong></span> <span class='ocrx_word' id='word_1_38' title='bbox 526 564 575 604; x_wconf 91' lang='lat' dir='ltr'><strong>elus</strong></span> <span class='ocrx_word' id='word_1_39' title='bbox 588 565 724 605; x_wconf 67' lang='lat' dir='ltr'><strong>abstinentia</strong></span> <span class='ocrx_word' id='word_1_40' title='bbox 739 564 793 614; x_wconf 83' lang='lat' dir='ltr'><strong>init,</strong></span> <span class='ocrx_word' id='word_1_41' title='bbox 808 567 844 613; x_wconf 89' lang='lat' dir='ltr'><strong>ut,</strong></span> <span class='ocrx_word' id='word_1_42' title='bbox 860 575 909 605; x_wconf 89' lang='lat' dir='ltr'><strong>cum</strong></span> <span class='ocrx_word' id='word_1_43' title='bbox 924 564 1007 606; x_wconf 83' lang='lat' dir='ltr'><strong>exilis</strong></span> <span class='ocrx_word' id='word_1_44' title='bbox 1023 566 1074 607; x_wconf 89' lang='lat' dir='ltr'><strong>ania</strong></span> <span class='ocrx_word' id='word_1_45' title='bbox 1089 569 1155 607; x_wconf 83' lang='lat' dir='ltr'><strong>etex</strong></span> <span class='ocrx_word' id='word_1_46' title='bbox 1172 566 1224 607; x_wconf 86' lang='lat' dir='ltr'><strong>Ma·</strong></span> 
     </span>
     <span class='ocr_line' id='line_1_6' title="bbox 234 616 1225 669; baseline 0.003 -11"><span class='ocrx_word' id='word_1_47' title='bbox 234 617 329 659; x_wconf 82' lang='lat' dir='ltr'><strong>cedema</strong></span> <span class='ocrx_word' id='word_1_48' title='bbox 343 617 462 658; x_wconf 89' lang='lat' dir='ltr'><strong>immensas</strong></span> <span class='ocrx_word' id='word_1_49' title='bbox 476 627 531 669; x_wconf 89' lang='lat' dir='ltr'><strong>opes</strong></span> <span class='ocrx_word' id='word_1_50' title='bbox 545 616 681 668; x_wconf 87' lang='lat' dir='ltr'><strong>rettulisset,</strong></span> <span class='ocrx_word' id='word_1_51' title='bbox 697 620 736 658; x_wconf 85' lang='lat' dir='ltr'><strong>vix</strong></span> <span class='ocrx_word' id='word_1_52' title='bbox 750 630 779 660; x_wconf 80' lang='lat' dir='ltr'><strong>es</strong></span> <span class='ocrx_word' id='word_1_53' title='bbox 794 620 896 659; x_wconf 74' lang='lat' dir='ltr'><strong>auctione</strong></span> <span class='ocrx_word' id='word_1_54' title='bbox 910 618 960 659; x_wconf 89' lang='lat' dir='ltr'><strong>eins</strong></span> <span class='ocrx_word' id='word_1_55' title='bbox 973 630 997 660; x_wconf 95' lang='lat' dir='ltr'><strong>re</strong></span> <span class='ocrx_word' id='word_1_56' title='bbox 1013 627 1086 660; x_wconf 89' lang='lat' dir='ltr'><strong>ectum</strong></span> <span class='ocrx_word' id='word_1_57' title='bbox 1100 619 1142 668; x_wconf 88' lang='lat' dir='ltr'><strong>eit,</strong></span> <span class='ocrx_word' id='word_1_58' title='bbox 1158 620 1225 661; x_wconf 89' lang='lat' dir='ltr'><strong>unde</strong></span> 
     </span>
     <span class='ocr_line' id='line_1_7' title="bbox 234 671 1224 725; baseline 0.002 -13"><span class='ocrx_word' id='word_1_59' title='bbox 234 674 300 713; x_wconf 84' lang='lat' dir='ltr'><strong>uxori</strong></span> <span class='ocrx_word' id='word_1_60' title='bbox 320 673 369 712; x_wconf 89' lang='lat' dir='ltr'><strong>eins</strong></span> <span class='ocrx_word' id='word_1_61' title='bbox 388 671 429 712; x_wconf 88' lang='lat' dir='ltr'><strong>dos</strong></span> <span class='ocrx_word' id='word_1_62' title='bbox 447 671 578 712; x_wconf 81' lang='lat' dir='ltr'><strong>solveretur.</strong></span> <span class='ocrx_word' id='word_1_63' title='bbox 600 671 732 724; x_wconf 75' lang='lat' dir='ltr'><strong>Pomptinae</strong></span> <span class='ocrx_word' id='word_1_64' title='bbox 751 672 846 724; x_wconf 89' lang='lat' dir='ltr'><strong>paludes</strong></span> <span class='ocrx_word' id='word_1_65' title='bbox 859 684 873 713; x_wconf 98' lang='lat' dir='ltr'><strong>a</strong></span> <span class='ocrx_word' id='word_1_66' title='bbox 887 671 991 714; x_wconf 81' lang='lat' dir='ltr'><strong>Cornelio</strong></span> <span class='ocrx_word' id='word_1_67' title='bbox 1006 672 1105 725; x_wconf 74' lang='lat' dir='ltr'><strong>Cethego</strong></span> <span class='ocrx_word' id='word_1_68' title='bbox 1118 674 1224 723; x_wconf 87' lang='lat' dir='ltr'><strong>consule,</strong></span> 
     </span>
     <span class='ocr_line' id='line_1_8' title="bbox 234 726 987 778; baseline 0.003 -13"><span class='ocrx_word' id='word_1_69' title='bbox 234 726 269 766; x_wconf 90' lang='lat' dir='ltr'><strong>cui</strong></span> <span class='ocrx_word' id='word_1_70' title='bbox 283 737 309 767; x_wconf 85' lang='lat' dir='ltr'><strong>ea</strong></span> <span class='ocrx_word' id='word_1_71' title='bbox 324 726 439 778; x_wconf 85' lang='lat' dir='ltr'><strong>provincia</strong></span> <span class='ocrx_word' id='word_1_72' title='bbox 453 728 569 775; x_wconf 81' lang='lat' dir='ltr'><strong>evenerat,</strong></span> <span class='ocrx_word' id='word_1_73' title='bbox 584 727 693 776; x_wconf 86' lang='lat' dir='ltr'><strong>siccatae,</strong></span> <span class='ocrx_word' id='word_1_74' title='bbox 709 736 806 778; x_wconf 73' lang='lat' dir='ltr'><strong>agerque</strong></span> <span class='ocrx_word' id='word_1_75' title='bbox 821 738 849 767; x_wconf 83' lang='lat' dir='ltr'><strong>ex</strong></span> <span class='ocrx_word' id='word_1_76' title='bbox 864 728 892 767; x_wconf 93' lang='lat' dir='ltr'><strong>ils</strong></span> <span class='ocrx_word' id='word_1_77' title='bbox 907 726 987 767; x_wconf 82' lang='lat' dir='ltr'><strong>iactus.</strong></span> 
     </span>
    </p>

    <p class='ocr_par' dir='ltr' id='par_1_4' title="bbox 232 778 1225 1845">
     <span class='ocr_line' id='line_1_9' title="bbox 286 778 1224 833; baseline 0 -12"><span class='ocrx_word' id='word_1_78' title='bbox 286 779 372 821; x_wconf 77' lang='grc' dir='ltr'>ΧΙΝΙΙ,</span> <span class='ocrx_word' id='word_1_79' title='bbox 388 778 430 823; x_wconf 80' lang='lat' dir='ltr'><strong>Cn.</strong></span> <span class='ocrx_word' id='word_1_80' title='bbox 444 778 563 821; x_wconf 78' lang='lat' dir='ltr'><strong>Tremellio</strong></span> <span class='ocrx_word' id='word_1_81' title='bbox 577 781 666 821; x_wconf 88' lang='lat' dir='ltr'><strong>tribuno</strong></span> <span class='ocrx_word' id='word_1_82' title='bbox 681 778 754 832; x_wconf 91' lang='lat' dir='ltr'><strong>plebis</strong></span> <span class='ocrx_word' id='word_1_83' title='bbox 767 779 837 820; x_wconf 88' lang='lat' dir='ltr'><strong>multa</strong></span> <span class='ocrx_word' id='word_1_84' title='bbox 852 780 912 821; x_wconf 89' lang='lat' dir='ltr'><strong>dicta</strong></span> <span class='ocrx_word' id='word_1_85' title='bbox 926 783 972 831; x_wconf 88' lang='lat' dir='ltr'><strong>est,</strong></span> <span class='ocrx_word' id='word_1_86' title='bbox 987 780 1048 833; x_wconf 81' lang='lat' dir='ltr'><strong>quod</strong></span> <span class='ocrx_word' id='word_1_87' title='bbox 1063 792 1113 823; x_wconf 89' lang='lat' dir='ltr'><strong>cnm</strong></span> <span class='ocrx_word' id='word_1_88' title='bbox 1128 780 1160 822; x_wconf 87' lang='lat' dir='ltr'><strong>M.</strong></span> <span class='ocrx_word' id='word_1_89' title='bbox 1176 783 1224 822; x_wconf 81' lang='lat' dir='ltr'><strong>Ae·</strong></span> 
     </span>
     <span class='ocr_line' id='line_1_10' title="bbox 233 832 1223 899; baseline 0.001 -24"><span class='ocrx_word' id='word_1_90' title='bbox 233 833 294 875; x_wconf 81' lang='lat' dir='ltr'><strong>sellio</strong></span> <span class='ocrx_word' id='word_1_91' title='bbox 311 832 397 886; x_wconf 75' lang='lat' dir='ltr'><strong>Lepido</strong></span> <span class='ocrx_word' id='word_1_92' title='bbox 421 833 526 885; x_wconf 89' lang='lat' dir='ltr'><strong>pontillce</strong></span> <span class='ocrx_word' id='word_1_93' title='bbox 550 833 645 874; x_wconf 83' lang='lat' dir='ltr'><strong>maximo</strong></span> <span class='ocrx_word' id='word_1_94' title='bbox 666 834 772 875; x_wconf 88' lang='lat' dir='ltr'><strong>iniuriose</strong></span> <span class='ocrx_word' id='word_1_95' title='bbox 791 834 948 899; x_wconf 68' lang='lat' dir='ltr'><strong>contenderat,</strong></span> <span class='ocrx_word' id='word_1_96' title='bbox 973 844 1131 888; x_wconf 81' lang='lat' dir='ltr'><strong>sacrorumque</strong></span> <span class='ocrx_word' id='word_1_97' title='bbox 1152 845 1223 887; x_wconf 78' lang='lat' dir='ltr'><strong>qnam</strong></span> 
     </span>
     <span class='ocr_line' id='line_1_11' title="bbox 233 886 1222 994; baseline 0.001 -12"><span class='ocrx_word' id='word_1_98' title='bbox 233 888 407 982; x_wconf 47' lang='lat' dir='ltr'><strong>initiatio:</strong></span> <span class='ocrx_word' id='word_1_99' title='bbox 420 886 660 982; x_wconf 71' lang='lat' dir='ltr'><strong>iiiriiiiitiii·</strong></span> <span class='ocrx_word' id='word_1_100' title='bbox 667 887 857 994; x_wconf 55' lang='grc' dir='ltr'><strong>111ιέ111ἶῖ</strong></span> <span class='ocrx_word' id='word_1_101' title='bbox 867 888 1222 994; x_wconf 67' lang='lat' dir='ltr'><strong>iiiiiiiiii..‘i‘i·iiii:</strong></span> 
     </span>
     <span class='ocr_line' id='line_1_12' title="bbox 250 993 1221 1047; baseline 0.002 -12"><span class='ocrx_word' id='word_1_102' title='bbox 250 993 421 1043; x_wconf 72' lang='lat' dir='ltr'><strong>uattnordecim,</strong></span> <span class='ocrx_word' id='word_1_103' title='bbox 440 997 545 1047; x_wconf 74' lang='lat' dir='ltr'><strong>princepe</strong></span> <span class='ocrx_word' id='word_1_104' title='bbox 564 998 656 1036; x_wconf 87' lang='lat' dir='ltr'><strong>senatus</strong></span> <span class='ocrx_word' id='word_1_105' title='bbox 675 995 747 1036; x_wconf 88' lang='lat' dir='ltr'><strong>lectus</strong></span> <span class='ocrx_word' id='word_1_106' title='bbox 761 995 868 1037; x_wconf 81' lang='lat' dir='ltr'><strong>Aemilius</strong></span> <span class='ocrx_word' id='word_1_107' title='bbox 882 995 987 1047; x_wconf 82' lang='lat' dir='ltr'><strong>Lepidus.</strong></span> <span class='ocrx_word' id='word_1_108' title='bbox 1006 998 1064 1037; x_wconf 90' lang='lat' dir='ltr'><strong>inter</strong></span> <span class='ocrx_word' id='word_1_109' title='bbox 1077 997 1221 1039; x_wconf 85' lang='lat' dir='ltr'><strong>Ptolemaeos</strong></span> 
     </span>
     <span class='ocr_line' id='line_1_13' title="bbox 243 1047 1219 1102; baseline 0.002 -13"><span class='ocrx_word' id='word_1_110' title='bbox 243 1051 325 1097; x_wconf 85' lang='lat' dir='ltr'><strong>ratres,</strong></span> <span class='ocrx_word' id='word_1_111' title='bbox 345 1048 383 1099; x_wconf 83' lang='lat' dir='ltr'><strong>qni</strong></span> <span class='ocrx_word' id='word_1_112' title='bbox 403 1047 554 1098; x_wconf 82' lang='lat' dir='ltr'><strong>dissidebant,</strong></span> <span class='ocrx_word' id='word_1_113' title='bbox 575 1049 654 1090; x_wconf 84' lang='lat' dir='ltr'><strong>ioedns</strong></span> <span class='ocrx_word' id='word_1_114' title='bbox 673 1049 753 1099; x_wconf 87' lang='lat' dir='ltr'><strong>ictum,</strong></span> <span class='ocrx_word' id='word_1_115' title='bbox 774 1054 797 1090; x_wconf 88' lang='lat' dir='ltr'><strong>nt</strong></span> <span class='ocrx_word' id='word_1_116' title='bbox 816 1050 873 1091; x_wconf 91' lang='lat' dir='ltr'><strong>aiter</strong></span> <span class='ocrx_word' id='word_1_117' title='bbox 886 1051 989 1102; x_wconf 72' lang='lat' dir='ltr'><strong>Aegypto</strong></span> <span class='ocrx_word' id='word_1_118' title='bbox 1003 1051 1061 1092; x_wconf 89' lang='lat' dir='ltr'><strong>alter</strong></span> <span class='ocrx_word' id='word_1_119' title='bbox 1076 1049 1170 1102; x_wconf 79' lang='lat' dir='ltr'><strong>Cyrenis</strong></span> <span class='ocrx_word' id='word_1_120' title='bbox 1185 1062 1219 1091; x_wconf 91' lang='lat' dir='ltr'><strong>re·</strong></span> 
     </span>
     <span class='ocr_line' id='line_1_14' title="bbox 233 1099 1219 1156; baseline 0.004 -15"><span class='ocrx_word' id='word_1_121' title='bbox 233 1103 317 1155; x_wconf 66' lang='lat' dir='ltr'><strong>giraret⁴</strong></span> <span class='ocrx_word' id='word_1_122' title='bbox 332 1099 472 1152; x_wconf 80' lang='lat' dir='ltr'><strong>ariarathes,</strong></span> <span class='ocrx_word' id='word_1_123' title='bbox 488 1101 643 1156; x_wconf 77' lang='lat' dir='ltr'><strong>Cappadociae</strong></span> <span class='ocrx_word' id='word_1_124' title='bbox 657 1114 709 1154; x_wconf 82' lang='lat' dir='ltr'><strong>rex,</strong></span> <span class='ocrx_word' id='word_1_125' title='bbox 729 1103 823 1144; x_wconf 89' lang='lat' dir='ltr'><strong>consilio</strong></span> <span class='ocrx_word' id='word_1_126' title='bbox 836 1104 943 1145; x_wconf 82' lang='lat' dir='ltr'><strong>Demetrii</strong></span> <span class='ocrx_word' id='word_1_127' title='bbox 958 1106 1017 1156; x_wconf 74' lang='lat' dir='ltr'><strong>regis</strong></span> <span class='ocrx_word' id='word_1_128' title='bbox 1031 1103 1111 1156; x_wconf 81' lang='lat' dir='ltr'><strong>Syriae</strong></span> <span class='ocrx_word' id='word_1_129' title='bbox 1126 1107 1148 1146; x_wconf 87' lang='lat' dir='ltr'><strong>ct</strong></span> <span class='ocrx_word' id='word_1_130' title='bbox 1163 1105 1219 1145; x_wconf 86' lang='lat' dir='ltr'><strong>riri·</strong></span> 
     </span>
     <span class='ocr_line' id='line_1_15' title="bbox 233 1154 1220 1210; baseline 0.003 -15"><span class='ocrx_word' id='word_1_131' title='bbox 233 1156 275 1196; x_wconf 90' lang='lat' dir='ltr'><strong>bns</strong></span> <span class='ocrx_word' id='word_1_132' title='bbox 289 1154 369 1207; x_wconf 85' lang='lat' dir='ltr'><strong>pulsus</strong></span> <span class='ocrx_word' id='word_1_133' title='bbox 383 1166 464 1208; x_wconf 70' lang='lat' dir='ltr'><strong>regno,</strong></span> <span class='ocrx_word' id='word_1_134' title='bbox 484 1167 497 1196; x_wconf 89' lang='lat' dir='ltr'><strong>a</strong></span> <span class='ocrx_word' id='word_1_135' title='bbox 511 1160 590 1200; x_wconf 87' lang='lat' dir='ltr'><strong>senatu</strong></span> <span class='ocrx_word' id='word_1_136' title='bbox 603 1157 722 1198; x_wconf 85' lang='lat' dir='ltr'><strong>restitutos</strong></span> <span class='ocrx_word' id='word_1_137' title='bbox 736 1160 777 1199; x_wconf 86' lang='lat' dir='ltr'><strong>est.</strong></span> <span class='ocrx_word' id='word_1_138' title='bbox 791 1158 852 1199; x_wconf 89' lang='lat' dir='ltr'><strong>missi</strong></span> <span class='ocrx_word' id='word_1_139' title='bbox 867 1169 881 1198; x_wconf 98' lang='lat' dir='ltr'><strong>a</strong></span> <span class='ocrx_word' id='word_1_140' title='bbox 894 1162 973 1199; x_wconf 88' lang='lat' dir='ltr'><strong>senatu</strong></span> <span class='ocrx_word' id='word_1_141' title='bbox 989 1158 1027 1210; x_wconf 85' lang='lat' dir='ltr'><strong>qul</strong></span> <span class='ocrx_word' id='word_1_142' title='bbox 1043 1159 1100 1199; x_wconf 90' lang='lat' dir='ltr'><strong>inter</strong></span> <span class='ocrx_word' id='word_1_143' title='bbox 1113 1158 1220 1199; x_wconf 88' lang='lat' dir='ltr'><strong>Masinis·</strong></span> 
     </span>
     <span class='ocr_line' id='line_1_16' title="bbox 233 1209 1219 1263; baseline 0.003 -15"><span class='ocrx_word' id='word_1_144' title='bbox 233 1219 280 1248; x_wconf 73' lang='lat' dir='ltr'><strong>nm</strong></span> <span class='ocrx_word' id='word_1_145' title='bbox 295 1211 318 1249; x_wconf 91' lang='lat' dir='ltr'><strong>et</strong></span> <span class='ocrx_word' id='word_1_146' title='bbox 333 1209 527 1261; x_wconf 71' lang='lat' dir='ltr'><strong>carthaginienses</strong></span> <span class='ocrx_word' id='word_1_147' title='bbox 542 1209 569 1251; x_wconf 90' lang='lat' dir='ltr'><strong>de</strong></span> <span class='ocrx_word' id='word_1_148' title='bbox 583 1221 636 1263; x_wconf 74' lang='lat' dir='ltr'><strong>agro</strong></span> <span class='ocrx_word' id='word_1_149' title='bbox 650 1210 783 1253; x_wconf 84' lang='lat' dir='ltr'><strong>indicerent.</strong></span> <span class='ocrx_word' id='word_1_150' title='bbox 799 1212 824 1255; x_wconf 83' lang='lat' dir='ltr'><strong>c.</strong></span> <span class='ocrx_word' id='word_1_151' title='bbox 839 1211 936 1252; x_wconf 89' lang='lat' dir='ltr'><strong>Marcius</strong></span> <span class='ocrx_word' id='word_1_152' title='bbox 950 1211 1027 1252; x_wconf 86' lang='lat' dir='ltr'><strong>consui</strong></span> <span class='ocrx_word' id='word_1_153' title='bbox 1043 1212 1151 1253; x_wconf 83' lang='lat' dir='ltr'><strong>adversus</strong></span> <span class='ocrx_word' id='word_1_154' title='bbox 1161 1211 1219 1251; x_wconf 84' lang='lat' dir='ltr'><strong>Dal·</strong></span> 
     </span>
     <span class='ocr_line' id='line_1_17' title="bbox 233 1260 1219 1318; baseline 0.002 -15"><span class='ocrx_word' id='word_1_155' title='bbox 233 1265 303 1304; x_wconf 91' lang='lat' dir='ltr'><strong>matas</strong></span> <span class='ocrx_word' id='word_1_156' title='bbox 317 1264 412 1315; x_wconf 85' lang='lat' dir='ltr'><strong>prinum</strong></span> <span class='ocrx_word' id='word_1_157' title='bbox 426 1274 504 1316; x_wconf 88' lang='lat' dir='ltr'><strong>parum</strong></span> <span class='ocrx_word' id='word_1_158' title='bbox 518 1275 637 1318; x_wconf 90' lang='lat' dir='ltr'><strong>prospere,</strong></span> <span class='ocrx_word' id='word_1_159' title='bbox 652 1260 733 1318; x_wconf 77' lang='lat' dir='ltr'><strong>postea</strong></span> <span class='ocrx_word' id='word_1_160' title='bbox 747 1265 844 1306; x_wconf 88' lang='lat' dir='ltr'><strong>ieilciter</strong></span> <span class='ocrx_word' id='word_1_161' title='bbox 858 1267 975 1318; x_wconf 73' lang='lat' dir='ltr'><strong>pugnavit,</strong></span> <span class='ocrx_word' id='word_1_162' title='bbox 994 1277 1044 1307; x_wconf 90' lang='lat' dir='ltr'><strong>cum</strong></span> <span class='ocrx_word' id='word_1_163' title='bbox 1058 1267 1140 1318; x_wconf 75' lang='lat' dir='ltr'><strong>quibus</strong></span> <span class='ocrx_word' id='word_1_164' title='bbox 1155 1265 1219 1306; x_wconf 87' lang='lat' dir='ltr'><strong>bello</strong></span> 
     </span>
     <span class='ocr_line' id='line_1_18' title="bbox 234 1316 1218 1372; baseline 0.002 -15"><span class='ocrx_word' id='word_1_165' title='bbox 234 1316 366 1369; x_wconf 71' lang='lat' dir='ltr'><strong>confligendi</strong></span> <span class='ocrx_word' id='word_1_166' title='bbox 384 1327 451 1358; x_wconf 88' lang='lat' dir='ltr'><strong>cause</strong></span> <span class='ocrx_word' id='word_1_167' title='bbox 470 1318 523 1368; x_wconf 84' lang='lat' dir='ltr'><strong>init,</strong></span> <span class='ocrx_word' id='word_1_168' title='bbox 545 1319 605 1371; x_wconf 84' lang='lat' dir='ltr'><strong>quod</strong></span> <span class='ocrx_word' id='word_1_169' title='bbox 625 1318 725 1371; x_wconf 78' lang='lat' dir='ltr'><strong>illyrios,</strong></span> <span class='ocrx_word' id='word_1_170' title='bbox 748 1320 825 1372; x_wconf 91' lang='lat' dir='ltr'><strong>populi</strong></span> <span class='ocrx_word' id='word_1_171' title='bbox 845 1319 937 1361; x_wconf 83' lang='lat' dir='ltr'><strong>Romani</strong></span> <span class='ocrx_word' id='word_1_172' title='bbox 951 1321 1037 1369; x_wconf 89' lang='lat' dir='ltr'><strong>socios,</strong></span> <span class='ocrx_word' id='word_1_173' title='bbox 1056 1321 1218 1369; x_wconf 64' lang='lat' dir='ltr'><strong>annuerant,</strong></span> 
     </span>
     <span class='ocr_line' id='line_1_19' title="bbox 233 1370 1216 1426; baseline 0.003 -15"><span class='ocrx_word' id='word_1_174' title='bbox 233 1370 372 1423; x_wconf 78' lang='lat' dir='ltr'><strong>eandemque</strong></span> <span class='ocrx_word' id='word_1_175' title='bbox 380 1376 467 1424; x_wconf 79' lang='lat' dir='ltr'><strong>gentem</strong></span> <span class='ocrx_word' id='word_1_176' title='bbox 478 1373 596 1415; x_wconf 87' lang='lat' dir='ltr'><strong>cornelius</strong></span> <span class='ocrx_word' id='word_1_177' title='bbox 606 1372 689 1413; x_wconf 80' lang='lat' dir='ltr'><strong>Nasica</strong></span> <span class='ocrx_word' id='word_1_178' title='bbox 698 1372 776 1414; x_wconf 87' lang='lat' dir='ltr'><strong>consul</strong></span> <span class='ocrx_word' id='word_1_179' title='bbox 787 1374 879 1415; x_wconf 89' lang='lat' dir='ltr'><strong>domuit.</strong></span> <span class='ocrx_word' id='word_1_180' title='bbox 892 1374 921 1418; x_wconf 76' lang='lat' dir='ltr'><strong>(i.</strong></span> <span class='ocrx_word' id='word_1_181' title='bbox 934 1373 1036 1426; x_wconf 81' lang='lat' dir='ltr'><strong>Opimius</strong></span> <span class='ocrx_word' id='word_1_182' title='bbox 1046 1373 1124 1414; x_wconf 90' lang='lat' dir='ltr'><strong>consul</strong></span> <span class='ocrx_word' id='word_1_183' title='bbox 1136 1374 1216 1414; x_wconf 82' lang='lat' dir='ltr'><strong>Trans-</strong></span> 
     </span>
     <span class='ocr_line' id='line_1_20' title="bbox 234 1424 1216 1480; baseline 0.002 -15"><span class='ocrx_word' id='word_1_184' title='bbox 234 1424 323 1478; x_wconf 87' lang='lat' dir='ltr'><strong>alpinos</strong></span> <span class='ocrx_word' id='word_1_185' title='bbox 336 1426 442 1477; x_wconf 72' lang='lat' dir='ltr'><strong>Ligures,</strong></span> <span class='ocrx_word' id='word_1_186' title='bbox 458 1428 496 1479; x_wconf 81' lang='lat' dir='ltr'><strong>qni</strong></span> <span class='ocrx_word' id='word_1_187' title='bbox 511 1425 685 1468; x_wconf 84' lang='lat' dir='ltr'><strong>Massiliensium</strong></span> <span class='ocrx_word' id='word_1_188' title='bbox 700 1426 784 1480; x_wconf 91' lang='lat' dir='ltr'><strong>oppida</strong></span> <span class='ocrx_word' id='word_1_189' title='bbox 798 1426 919 1480; x_wconf 78' lang='lat' dir='ltr'><strong>Antipolim</strong></span> <span class='ocrx_word' id='word_1_190' title='bbox 934 1431 957 1469; x_wconf 88' lang='lat' dir='ltr'><strong>et</strong></span> <span class='ocrx_word' id='word_1_191' title='bbox 970 1428 1076 1469; x_wconf 81' lang='lat' dir='ltr'><strong>Nicaeam</strong></span> <span class='ocrx_word' id='word_1_192' title='bbox 1090 1427 1216 1476; x_wconf 64' lang='lat' dir='ltr'><strong>cumbunt,</strong></span> 
     </span>
     <span class='ocr_line' id='line_1_21' title="bbox 233 1480 1215 1535; baseline 0.002 -16"><span class='ocrx_word' id='word_1_193' title='bbox 233 1480 329 1531; x_wconf 75' lang='lat' dir='ltr'><strong>subegit.</strong></span> <span class='ocrx_word' id='word_1_194' title='bbox 344 1483 459 1532; x_wconf 87' lang='lat' dir='ltr'><strong>praeterea</strong></span> <span class='ocrx_word' id='word_1_195' title='bbox 474 1490 510 1521; x_wconf 87' lang='lat' dir='ltr'><strong>res</strong></span> <span class='ocrx_word' id='word_1_196' title='bbox 523 1481 545 1521; x_wconf 92' lang='lat' dir='ltr'><strong>in</strong></span> <span class='ocrx_word' id='word_1_197' title='bbox 559 1480 667 1533; x_wconf 79' lang='lat' dir='ltr'><strong>iiiapauia</strong></span> <span class='ocrx_word' id='word_1_198' title='bbox 681 1492 695 1521; x_wconf 98' lang='lat' dir='ltr'><strong>a</strong></span> <span class='ocrx_word' id='word_1_199' title='bbox 708 1481 861 1534; x_wconf 90' lang='lat' dir='ltr'><strong>compluribus</strong></span> <span class='ocrx_word' id='word_1_200' title='bbox 873 1492 950 1534; x_wconf 89' lang='lat' dir='ltr'><strong>parum</strong></span> <span class='ocrx_word' id='word_1_201' title='bbox 960 1491 1066 1535; x_wconf 78' lang='lat' dir='ltr'><strong>prospere</strong></span> <span class='ocrx_word' id='word_1_202' title='bbox 1076 1484 1153 1533; x_wconf 79' lang='lat' dir='ltr'><strong>gestas</strong></span> <span class='ocrx_word' id='word_1_203' title='bbox 1165 1491 1215 1523; x_wconf 87' lang='lat' dir='ltr'><strong>con·</strong></span> 
     </span>
     <span class='ocr_line' id='line_1_22' title="bbox 233 1532 1216 1588; baseline 0.003 -16"><span class='ocrx_word' id='word_1_204' title='bbox 233 1535 296 1573; x_wconf 90' lang='lat' dir='ltr'><strong>tinet.</strong></span> <span class='ocrx_word' id='word_1_205' title='bbox 319 1532 423 1575; x_wconf 88' lang='lat' dir='ltr'><strong>consules</strong></span> <span class='ocrx_word' id='word_1_206' title='bbox 437 1544 495 1575; x_wconf 88' lang='lat' dir='ltr'><strong>anno</strong></span> <span class='ocrx_word' id='word_1_207' title='bbox 509 1534 687 1587; x_wconf 76' lang='lat' dir='ltr'><strong>quingentesimo</strong></span> <span class='ocrx_word' id='word_1_208' title='bbox 708 1536 850 1588; x_wconf 64' lang='lat' dir='ltr'><strong>nonagesimo</strong></span> <span class='ocrx_word' id='word_1_209' title='bbox 864 1539 943 1576; x_wconf 86' lang='lat' dir='ltr'><strong>octavo</strong></span> <span class='ocrx_word' id='word_1_210' title='bbox 957 1536 985 1575; x_wconf 90' lang='lat' dir='ltr'><strong>ab</strong></span> <span class='ocrx_word' id='word_1_211' title='bbox 1000 1536 1055 1577; x_wconf 88' lang='lat' dir='ltr'><strong>urbe</strong></span> <span class='ocrx_word' id='word_1_212' title='bbox 1068 1534 1158 1576; x_wconf 89' lang='lat' dir='ltr'><strong>condita</strong></span> <span class='ocrx_word' id='word_1_213' title='bbox 1171 1546 1216 1576; x_wconf 70' lang='lat' dir='ltr'><strong>ma</strong></span> 
     </span>
     <span class='ocr_line' id='line_1_23' title="bbox 233 1588 1213 1641; baseline 0.006 -15"><span class='ocrx_word' id='word_1_214' title='bbox 233 1589 359 1639; x_wconf 69' lang='lat' dir='ltr'><strong>gistratum,</strong></span> <span class='ocrx_word' id='word_1_215' title='bbox 373 1589 470 1640; x_wconf 86' lang='lat' dir='ltr'><strong>peractis</strong></span> <span class='ocrx_word' id='word_1_216' title='bbox 484 1589 579 1629; x_wconf 90' lang='lat' dir='ltr'><strong>comitiis</strong></span> <span class='ocrx_word' id='word_1_217' title='bbox 592 1588 776 1641; x_wconf 82' lang='lat' dir='ltr'><strong>insequentisqne</strong></span> <span class='ocrx_word' id='word_1_218' title='bbox 790 1592 842 1632; x_wconf 90' lang='lat' dir='ltr'><strong>anni</strong></span> <span class='ocrx_word' id='word_1_219' title='bbox 856 1589 985 1630; x_wconf 75' lang='lat' dir='ltr'><strong>conantibus</strong></span> <span class='ocrx_word' id='word_1_220' title='bbox 1000 1590 1087 1640; x_wconf 89' lang='lat' dir='ltr'><strong>creatis,</strong></span> <span class='ocrx_word' id='word_1_221' title='bbox 1103 1588 1153 1631; x_wconf 81' lang='lat' dir='ltr'><strong>itai.</strong></span> <span class='ocrx_word' id='word_1_222' title='bbox 1168 1590 1213 1633; x_wconf 87' lang='lat' dir='ltr'><strong>ian.</strong></span> 
     </span>
     <span class='ocr_line' id='line_1_24' title="bbox 234 1642 1216 1696; baseline 0.004 -17"><span class='ocrx_word' id='word_1_223' title='bbox 234 1642 289 1680; x_wconf 91' lang='lat' dir='ltr'><strong>inire</strong></span> <span class='ocrx_word' id='word_1_224' title='bbox 304 1644 432 1694; x_wconf 81' lang='lat' dir='ltr'><strong>coeperunt.</strong></span> <span class='ocrx_word' id='word_1_225' title='bbox 448 1642 547 1683; x_wconf 87' lang='lat' dir='ltr'><strong>mutandi</strong></span> <span class='ocrx_word' id='word_1_226' title='bbox 562 1644 651 1683; x_wconf 90' lang='lat' dir='ltr'><strong>comitia</strong></span> <span class='ocrx_word' id='word_1_227' title='bbox 666 1653 732 1684; x_wconf 86' lang='lat' dir='ltr'><strong>cansa</strong></span> <span class='ocrx_word' id='word_1_228' title='bbox 747 1644 789 1684; x_wconf 82' lang='lat' dir='ltr'><strong>init</strong></span> <span class='ocrx_word' id='word_1_229' title='bbox 804 1643 863 1696; x_wconf 85' lang='lat' dir='ltr'><strong>qnod</strong></span> <span class='ocrx_word' id='word_1_230' title='bbox 878 1643 971 1696; x_wconf 80' lang='lat' dir='ltr'><strong>Hispani</strong></span> <span class='ocrx_word' id='word_1_231' title='bbox 981 1643 1130 1686; x_wconf 85' lang='lat' dir='ltr'><strong>rebellabant.</strong></span> <span class='ocrx_word' id='word_1_232' title='bbox 1146 1643 1216 1696; x_wconf 74' lang='lat' dir='ltr'><strong>legati</strong></span> 
     </span>
     <span class='ocr_line' id='line_1_25' title="bbox 233 1693 1215 1749; baseline 0.004 -16"><span class='ocrx_word' id='word_1_233' title='bbox 233 1694 261 1733; x_wconf 86' lang='lat' dir='ltr'><strong>ad</strong></span> <span class='ocrx_word' id='word_1_234' title='bbox 276 1693 444 1747; x_wconf 85' lang='lat' dir='ltr'><strong>disceptandum</strong></span> <span class='ocrx_word' id='word_1_235' title='bbox 459 1697 518 1737; x_wconf 89' lang='lat' dir='ltr'><strong>inter</strong></span> <span class='ocrx_word' id='word_1_236' title='bbox 527 1696 723 1749; x_wconf 74' lang='lat' dir='ltr'><strong>carthaginienses</strong></span> <span class='ocrx_word' id='word_1_237' title='bbox 737 1700 759 1738; x_wconf 92' lang='lat' dir='ltr'><strong>et</strong></span> <span class='ocrx_word' id='word_1_238' title='bbox 769 1698 909 1740; x_wconf 81' lang='lat' dir='ltr'><strong>llisslniaeem</strong></span> <span class='ocrx_word' id='word_1_239' title='bbox 923 1699 984 1738; x_wconf 86' lang='lat' dir='ltr'><strong>missi</strong></span> <span class='ocrx_word' id='word_1_240' title='bbox 1000 1700 1157 1738; x_wconf 80' lang='lat' dir='ltr'><strong>nuntiaverunt</strong></span> <span class='ocrx_word' id='word_1_241' title='bbox 1169 1697 1215 1738; x_wconf 78' lang='lat' dir='ltr'><strong>ulna</strong></span> 
     </span>
     <span class='ocr_line' id='line_1_26' title="bbox 232 1746 1225 1805; baseline 0.003 -18"><span class='ocrx_word' id='word_1_242' title='bbox 232 1746 320 1787; x_wconf 77' lang='lat' dir='ltr'><strong>nivalis</strong></span> <span class='ocrx_word' id='word_1_243' title='bbox 333 1749 439 1789; x_wconf 88' lang='lat' dir='ltr'><strong>materiae</strong></span> <span class='ocrx_word' id='word_1_244' title='bbox 452 1759 477 1790; x_wconf 88' lang='lat' dir='ltr'><strong>se</strong></span> <span class='ocrx_word' id='word_1_245' title='bbox 492 1749 574 1792; x_wconf 82' lang='lat' dir='ltr'><strong>curtlia</strong></span> <span class='ocrx_word' id='word_1_246' title='bbox 589 1752 627 1792; x_wconf 90' lang='lat' dir='ltr'><strong>ine</strong></span> <span class='ocrx_word' id='word_1_247' title='bbox 641 1749 824 1804; x_wconf 84' lang='lat' dir='ltr'><strong>deprehendisse,</strong></span> <span class='ocrx_word' id='word_1_248' title='bbox 839 1752 925 1804; x_wconf 85' lang='lat' dir='ltr'><strong>aliquot</strong></span> <span class='ocrx_word' id='word_1_249' title='bbox 940 1756 1056 1804; x_wconf 88' lang='lat' dir='ltr'><strong>praetores</strong></span> <span class='ocrx_word' id='word_1_250' title='bbox 1070 1763 1084 1792; x_wconf 86' lang='lat' dir='ltr'><strong>s</strong></span> <span class='ocrx_word' id='word_1_251' title='bbox 1094 1752 1225 1805; x_wconf 77' lang='lat' dir='ltr'><strong>proriuciis.</strong></span> 
     </span>
     <span class='ocr_line' id='line_1_27' title="bbox 232 1762 741 1845; baseline 0.008 -4"><span class='ocrx_word' id='word_1_252' title='bbox 232 1802 339 1841; x_wconf 80' lang='lat' dir='ltr'><strong>avaritiae</strong></span> <span class='ocrx_word' id='word_1_253' title='bbox 354 1804 442 1843; x_wconf 90' lang='lat' dir='ltr'><strong>nomine</strong></span> <span class='ocrx_word' id='word_1_254' title='bbox 457 1805 554 1845; x_wconf 87' lang='lat' dir='ltr'><strong>accusati</strong></span> <span class='ocrx_word' id='word_1_255' title='bbox 570 1762 667 1845; x_wconf 57' lang='lat' dir='ltr'><strong>damnati</strong></span> <span class='ocrx_word' id='word_1_256' title='bbox 681 1808 741 1845; x_wconf 88' lang='lat' dir='ltr'><strong>sunt.</strong></span> 
     </span>
    </p>

    <p class='ocr_par' dir='ltr' id='par_1_5' title="bbox 212 1853 1215 3585">
     <span class='ocr_line' id='line_1_28' title="bbox 285 1853 1215 1913; baseline 0.005 -18"><span class='ocrx_word' id='word_1_257' title='bbox 285 1853 382 1897; x_wconf 74' lang='lat' dir='ltr'><strong>xcviii.</strong></span> <span class='ocrx_word' id='word_1_258' title='bbox 400 1857 503 1899; x_wconf 82' lang='lat' dir='ltr'><strong>Lustrum</strong></span> <span class='ocrx_word' id='word_1_259' title='bbox 522 1870 536 1898; x_wconf 87' lang='lat' dir='ltr'><strong>s</strong></span> <span class='ocrx_word' id='word_1_260' title='bbox 550 1860 680 1900; x_wconf 72' lang='lat' dir='ltr'><strong>centonibus</strong></span> <span class='ocrx_word' id='word_1_261' title='bbox 694 1858 805 1900; x_wconf 89' lang='lat' dir='ltr'><strong>conditum</strong></span> <span class='ocrx_word' id='word_1_262' title='bbox 821 1862 867 1900; x_wconf 74' lang='lat' dir='ltr'><strong>esta</strong></span> <span class='ocrx_word' id='word_1_263' title='bbox 886 1869 952 1900; x_wconf 88' lang='lat' dir='ltr'><strong>censa</strong></span> <span class='ocrx_word' id='word_1_264' title='bbox 969 1863 1022 1900; x_wconf 84' lang='lat' dir='ltr'><strong>sunt</strong></span> <span class='ocrx_word' id='word_1_265' title='bbox 1042 1859 1123 1900; x_wconf 82' lang='lat' dir='ltr'><strong>cirinen</strong></span> <span class='ocrx_word' id='word_1_266' title='bbox 1141 1862 1215 1913; x_wconf 83' lang='lat' dir='ltr'><strong>capita</strong></span> 
     </span>
     <span class='ocr_line' id='line_1_29' title="bbox 233 1911 1213 1962; baseline 0.007 -13"><span class='ocrx_word' id='word_1_267' title='bbox 233 1912 332 1949; x_wconf 83' lang='lat' dir='ltr'><strong>trecente</strong></span> <span class='ocrx_word' id='word_1_268' title='bbox 345 1911 424 1962; x_wconf 75' lang='lat' dir='ltr'><strong>viginti</strong></span> <span class='ocrx_word' id='word_1_269' title='bbox 439 1915 546 1962; x_wconf 75' lang='lat' dir='ltr'><strong>quattuor</strong></span> <span class='ocrx_word' id='word_1_270' title='bbox 559 1913 630 1959; x_wconf 84' lang='lat' dir='ltr'><strong>milia,</strong></span> <span class='ocrx_word' id='word_1_271' title='bbox 645 1915 730 1954; x_wconf 86' lang='lat' dir='ltr'><strong>semina</strong></span> <span class='ocrx_word' id='word_1_272' title='bbox 744 1916 804 1955; x_wconf 91' lang='lat' dir='ltr'><strong>tertii</strong></span> <span class='ocrx_word' id='word_1_273' title='bbox 819 1914 873 1955; x_wconf 88' lang='lat' dir='ltr'><strong>belli</strong></span> <span class='ocrx_word' id='word_1_274' title='bbox 883 1914 961 1955; x_wconf 82' lang='lat' dir='ltr'><strong>Punici</strong></span> <span class='ocrx_word' id='word_1_275' title='bbox 976 1914 1111 1956; x_wconf 79' lang='lat' dir='ltr'><strong>reseruntur.</strong></span> <span class='ocrx_word' id='word_1_276' title='bbox 1127 1924 1175 1955; x_wconf 86' lang='lat' dir='ltr'><strong>cuni</strong></span> <span class='ocrx_word' id='word_1_277' title='bbox 1191 1916 1213 1956; x_wconf 90' lang='lat' dir='ltr'><strong>ln</strong></span> 
     </span>
     <span class='ocr_line' id='line_1_30' title="bbox 232 1962 1215 2019; baseline 0.004 -15"><span class='ocrx_word' id='word_1_278' title='bbox 232 1962 313 2004; x_wconf 74' lang='lat' dir='ltr'><strong>finibus</strong></span> <span class='ocrx_word' id='word_1_279' title='bbox 327 1964 541 2018; x_wconf 79' lang='lat' dir='ltr'><strong>carthaginiensium</strong></span> <span class='ocrx_word' id='word_1_280' title='bbox 555 1967 634 2019; x_wconf 74' lang='lat' dir='ltr'><strong>ingens</strong></span> <span class='ocrx_word' id='word_1_281' title='bbox 647 1966 791 2008; x_wconf 73' lang='lat' dir='ltr'><strong>Numidarum</strong></span> <span class='ocrx_word' id='word_1_282' title='bbox 806 1968 924 2016; x_wconf 81' lang='lat' dir='ltr'><strong>exercitus,</strong></span> <span class='ocrx_word' id='word_1_283' title='bbox 941 1967 996 2008; x_wconf 93' lang='lat' dir='ltr'><strong>duce</strong></span> <span class='ocrx_word' id='word_1_284' title='bbox 1009 1968 1158 2010; x_wconf 76' lang='lat' dir='ltr'><strong>Ariobarzane</strong></span> <span class='ocrx_word' id='word_1_285' title='bbox 1171 1966 1215 2019; x_wconf 83' lang='lat' dir='ltr'><strong>Sy·</strong></span> 
     </span>
     <span class='ocr_line' id='line_1_31' title="bbox 232 2016 1214 2074; baseline 0.005 -17"><span class='ocrx_word' id='word_1_286' title='bbox 232 2016 311 2071; x_wconf 84' lang='lat' dir='ltr'><strong>pleacis</strong></span> <span class='ocrx_word' id='word_1_287' title='bbox 325 2023 412 2072; x_wconf 89' lang='lat' dir='ltr'><strong>nepote,</strong></span> <span class='ocrx_word' id='word_1_288' title='bbox 429 2019 540 2062; x_wconf 80' lang='lat' dir='ltr'><strong>diceretur</strong></span> <span class='ocrx_word' id='word_1_289' title='bbox 554 2031 616 2071; x_wconf 69' lang='lat' dir='ltr'><strong>ase,</strong></span> <span class='ocrx_word' id='word_1_290' title='bbox 631 2021 663 2066; x_wconf 85' lang='lat' dir='ltr'><strong>M.</strong></span> <span class='ocrx_word' id='word_1_291' title='bbox 679 2021 772 2062; x_wconf 83' lang='lat' dir='ltr'><strong>Porcius</strong></span> <span class='ocrx_word' id='word_1_292' title='bbox 786 2022 842 2063; x_wconf 83' lang='lat' dir='ltr'><strong>Cato</strong></span> <span class='ocrx_word' id='word_1_293' title='bbox 856 2023 934 2071; x_wconf 68' lang='lat' dir='ltr'><strong>sunit,</strong></span> <span class='ocrx_word' id='word_1_294' title='bbox 950 2024 975 2062; x_wconf 94' lang='lat' dir='ltr'><strong>nt</strong></span> <span class='ocrx_word' id='word_1_295' title='bbox 984 2020 1214 2074; x_wconf 71' lang='lat' dir='ltr'><strong>Carthaginiensibus,</strong></span> 
     </span>
     <span class='ocr_line' id='line_1_32' title="bbox 232 2073 1213 2128; baseline 0.002 -16"><span class='ocrx_word' id='word_1_296' title='bbox 232 2084 282 2113; x_wconf 91' lang='lat' dir='ltr'><strong>cnm</strong></span> <span class='ocrx_word' id='word_1_297' title='bbox 294 2073 464 2117; x_wconf 81' lang='lat' dir='ltr'><strong>Arionarsanem</strong></span> <span class='ocrx_word' id='word_1_298' title='bbox 479 2076 555 2128; x_wconf 90' lang='lat' dir='ltr'><strong>specie</strong></span> <span class='ocrx_word' id='word_1_299' title='bbox 570 2078 647 2116; x_wconf 89' lang='lat' dir='ltr'><strong>contra</strong></span> <span class='ocrx_word' id='word_1_300' title='bbox 661 2075 802 2117; x_wconf 85' lang='lat' dir='ltr'><strong>Masinissam</strong></span> <span class='ocrx_word' id='word_1_301' title='bbox 816 2087 904 2127; x_wconf 75' lang='lat' dir='ltr'><strong>regem,</strong></span> <span class='ocrx_word' id='word_1_302' title='bbox 918 2074 959 2115; x_wconf 90' lang='lat' dir='ltr'><strong>sed</strong></span> <span class='ocrx_word' id='word_1_303' title='bbox 972 2086 997 2116; x_wconf 91' lang='lat' dir='ltr'><strong>re</strong></span> <span class='ocrx_word' id='word_1_304' title='bbox 1012 2087 1064 2117; x_wconf 81' lang='lat' dir='ltr'><strong>vera</strong></span> <span class='ocrx_word' id='word_1_305' title='bbox 1079 2078 1158 2116; x_wconf 90' lang='lat' dir='ltr'><strong>contra</strong></span> <span class='ocrx_word' id='word_1_306' title='bbox 1170 2075 1213 2117; x_wconf 85' lang='lat' dir='ltr'><strong>Ro-</strong></span> 
     </span>
     <span class='ocr_line' id='line_1_33' title="bbox 233 2128 1213 2179; baseline 0.002 -13"><span class='ocrx_word' id='word_1_307' title='bbox 233 2136 307 2167; x_wconf 88' lang='lat' dir='ltr'><strong>manos</strong></span> <span class='ocrx_word' id='word_1_308' title='bbox 321 2131 414 2169; x_wconf 86' lang='lat' dir='ltr'><strong>accitum</strong></span> <span class='ocrx_word' id='word_1_309' title='bbox 429 2129 451 2170; x_wconf 88' lang='lat' dir='ltr'><strong>in</strong></span> <span class='ocrx_word' id='word_1_310' title='bbox 466 2129 546 2171; x_wconf 79' lang='lat' dir='ltr'><strong>fluibus</strong></span> <span class='ocrx_word' id='word_1_311' title='bbox 560 2128 675 2179; x_wconf 82' lang='lat' dir='ltr'><strong>baberent,</strong></span> <span class='ocrx_word' id='word_1_312' title='bbox 690 2129 773 2171; x_wconf 90' lang='lat' dir='ltr'><strong>bellum</strong></span> <span class='ocrx_word' id='word_1_313' title='bbox 787 2128 928 2171; x_wconf 87' lang='lat' dir='ltr'><strong>indiceretur.</strong></span> <span class='ocrx_word' id='word_1_314' title='bbox 943 2129 1107 2172; x_wconf 86' lang='lat' dir='ltr'><strong>contradicente</strong></span> <span class='ocrx_word' id='word_1_315' title='bbox 1120 2129 1147 2171; x_wconf 86' lang='lat' dir='ltr'><strong>P.</strong></span> <span class='ocrx_word' id='word_1_316' title='bbox 1160 2128 1213 2169; x_wconf 85' lang='lat' dir='ltr'><strong>cor·</strong></span> 
     </span>
     <span class='ocr_line' id='line_1_34' title="bbox 232 2181 1212 2237; baseline 0.002 -17"><span class='ocrx_word' id='word_1_317' title='bbox 232 2181 291 2221; x_wconf 91' lang='lat' dir='ltr'><strong>neiin</strong></span> <span class='ocrx_word' id='word_1_318' title='bbox 312 2181 395 2224; x_wconf 82' lang='lat' dir='ltr'><strong>Nasica</strong></span> <span class='ocrx_word' id='word_1_319' title='bbox 416 2185 499 2237; x_wconf 83' lang='lat' dir='ltr'><strong>placuit</strong></span> <span class='ocrx_word' id='word_1_320' title='bbox 520 2184 608 2235; x_wconf 75' lang='lat' dir='ltr'><strong>legatos</strong></span> <span class='ocrx_word' id='word_1_321' title='bbox 627 2184 685 2225; x_wconf 87' lang='lat' dir='ltr'><strong>mitti</strong></span> <span class='ocrx_word' id='word_1_322' title='bbox 708 2181 874 2235; x_wconf 77' lang='lat' dir='ltr'><strong>cartilaginem,</strong></span> <span class='ocrx_word' id='word_1_323' title='bbox 900 2184 939 2235; x_wconf 85' lang='lat' dir='ltr'><strong>qni</strong></span> <span class='ocrx_word' id='word_1_324' title='bbox 958 2185 1137 2237; x_wconf 82' lang='lat' dir='ltr'><strong>specularentur,</strong></span> <span class='ocrx_word' id='word_1_325' title='bbox 1159 2182 1212 2235; x_wconf 83' lang='lat' dir='ltr'><strong>qnid</strong></span> 
     </span>
     <span class='ocr_line' id='line_1_35' title="bbox 214 2236 1213 2290; baseline 0.001 -15"><span class='ocrx_word' id='word_1_326' title='bbox 214 2244 216 2247; x_wconf 83' lang='grc'><strong>’</strong></span> <span class='ocrx_word' id='word_1_327' title='bbox 232 2238 343 2286; x_wconf 74' lang='lat' dir='ltr'><strong>ageretur.</strong></span> <span class='ocrx_word' id='word_1_328' title='bbox 363 2240 472 2290; x_wconf 75' lang='lat' dir='ltr'><strong>castigato</strong></span> <span class='ocrx_word' id='word_1_329' title='bbox 487 2241 567 2280; x_wconf 88' lang='lat' dir='ltr'><strong>senatu</strong></span> <span class='ocrx_word' id='word_1_330' title='bbox 583 2237 810 2290; x_wconf 73' lang='lat' dir='ltr'><strong>Carthaginiensium,</strong></span> <span class='ocrx_word' id='word_1_331' title='bbox 833 2236 894 2290; x_wconf 83' lang='lat' dir='ltr'><strong>qnod</strong></span> <span class='ocrx_word' id='word_1_332' title='bbox 908 2240 984 2278; x_wconf 83' lang='lat' dir='ltr'><strong>contre</strong></span> <span class='ocrx_word' id='word_1_333' title='bbox 999 2237 1079 2279; x_wconf 75' lang='lat' dir='ltr'><strong>foedus</strong></span> <span class='ocrx_word' id='word_1_334' title='bbox 1093 2240 1116 2279; x_wconf 92' lang='lat' dir='ltr'><strong>et</strong></span> <span class='ocrx_word' id='word_1_335' title='bbox 1129 2237 1213 2279; x_wconf 82' lang='lat' dir='ltr'><strong>exerci-</strong></span> 
     </span>
     <span class='ocr_line' id='line_1_36' title="bbox 232 2289 1213 2346; baseline 0.002 -16"><span class='ocrx_word' id='word_1_336' title='bbox 232 2293 278 2330; x_wconf 91' lang='lat' dir='ltr'><strong>tnm</strong></span> <span class='ocrx_word' id='word_1_337' title='bbox 299 2292 322 2328; x_wconf 91' lang='lat' dir='ltr'><strong>et</strong></span> <span class='ocrx_word' id='word_1_338' title='bbox 340 2292 431 2332; x_wconf 85' lang='lat' dir='ltr'><strong>navales</strong></span> <span class='ocrx_word' id='word_1_339' title='bbox 452 2294 557 2333; x_wconf 85' lang='lat' dir='ltr'><strong>materias</strong></span> <span class='ocrx_word' id='word_1_340' title='bbox 575 2289 694 2342; x_wconf 85' lang='lat' dir='ltr'><strong>baberent,</strong></span> <span class='ocrx_word' id='word_1_341' title='bbox 716 2304 793 2346; x_wconf 88' lang='lat' dir='ltr'><strong>pacem</strong></span> <span class='ocrx_word' id='word_1_342' title='bbox 813 2294 871 2334; x_wconf 87' lang='lat' dir='ltr'><strong>inter</strong></span> <span class='ocrx_word' id='word_1_343' title='bbox 890 2303 929 2334; x_wconf 89' lang='lat' dir='ltr'><strong>eos</strong></span> <span class='ocrx_word' id='word_1_344' title='bbox 948 2294 971 2332; x_wconf 91' lang='lat' dir='ltr'><strong>et</strong></span> <span class='ocrx_word' id='word_1_345' title='bbox 984 2292 1125 2334; x_wconf 85' lang='lat' dir='ltr'><strong>Masinissam</strong></span> <span class='ocrx_word' id='word_1_346' title='bbox 1140 2292 1213 2332; x_wconf 84' lang='lat' dir='ltr'><strong>iacere</strong></span> 
     </span>
     <span class='ocr_line' id='line_1_37' title="bbox 231 2342 1213 2399; baseline 0.002 -16"><span class='ocrx_word' id='word_1_347' title='bbox 231 2342 362 2393; x_wconf 83' lang='lat' dir='ltr'><strong>voluerunt,</strong></span> <span class='ocrx_word' id='word_1_348' title='bbox 383 2346 503 2387; x_wconf 86' lang='lat' dir='ltr'><strong>illasinissa</strong></span> <span class='ocrx_word' id='word_1_349' title='bbox 521 2356 585 2399; x_wconf 73' lang='lat' dir='ltr'><strong>agro,</strong></span> <span class='ocrx_word' id='word_1_350' title='bbox 605 2345 634 2386; x_wconf 89' lang='lat' dir='ltr'><strong>de</strong></span> <span class='ocrx_word' id='word_1_351' title='bbox 648 2357 693 2398; x_wconf 81' lang='lat' dir='ltr'><strong>quo</strong></span> <span class='ocrx_word' id='word_1_352' title='bbox 707 2344 736 2386; x_wconf 89' lang='lat' dir='ltr'><strong>lis</strong></span> <span class='ocrx_word' id='word_1_353' title='bbox 751 2350 809 2395; x_wconf 91' lang='lat' dir='ltr'><strong>erat,</strong></span> <span class='ocrx_word' id='word_1_354' title='bbox 829 2346 929 2387; x_wconf 83' lang='lat' dir='ltr'><strong>cedente.</strong></span> <span class='ocrx_word' id='word_1_355' title='bbox 944 2344 985 2385; x_wconf 88' lang='lat' dir='ltr'><strong>sed</strong></span> <span class='ocrx_word' id='word_1_356' title='bbox 1001 2345 1069 2398; x_wconf 74' lang='lat' dir='ltr'><strong>Gisgo</strong></span> <span class='ocrx_word' id='word_1_357' title='bbox 1084 2344 1213 2386; x_wconf 82' lang='lat' dir='ltr'><strong>Hamilcaris</strong></span> 
     </span>
     <span class='ocr_line' id='line_1_38' title="bbox 231 2396 1211 2452; baseline 0.002 -14"><span class='ocrx_word' id='word_1_358' title='bbox 231 2397 303 2444; x_wconf 74' lang='lat' dir='ltr'><strong>filins,</strong></span> <span class='ocrx_word' id='word_1_359' title='bbox 319 2396 384 2439; x_wconf 83' lang='lat' dir='ltr'><strong>leonio</strong></span> <span class='ocrx_word' id='word_1_360' title='bbox 398 2399 532 2450; x_wconf 88' lang='lat' dir='ltr'><strong>seditiosus,</strong></span> <span class='ocrx_word' id='word_1_361' title='bbox 554 2400 591 2451; x_wconf 81' lang='lat' dir='ltr'><strong>qui</strong></span> <span class='ocrx_word' id='word_1_362' title='bbox 606 2402 653 2440; x_wconf 89' lang='lat' dir='ltr'><strong>tum</strong></span> <span class='ocrx_word' id='word_1_363' title='bbox 668 2403 690 2440; x_wconf 92' lang='lat' dir='ltr'><strong>in</strong></span> <span class='ocrx_word' id='word_1_364' title='bbox 705 2403 834 2452; x_wconf 72' lang='lat' dir='ltr'><strong>magistratu</strong></span> <span class='ocrx_word' id='word_1_365' title='bbox 850 2405 908 2450; x_wconf 91' lang='lat' dir='ltr'><strong>erat,</strong></span> <span class='ocrx_word' id='word_1_366' title='bbox 924 2411 971 2440; x_wconf 87' lang='lat' dir='ltr'><strong>cnm</strong></span> <span class='ocrx_word' id='word_1_367' title='bbox 985 2405 1076 2440; x_wconf 88' lang='lat' dir='ltr'><strong>senatus</strong></span> <span class='ocrx_word' id='word_1_368' title='bbox 1089 2400 1211 2452; x_wconf 85' lang='lat' dir='ltr'><strong>pariturum</strong></span> 
     </span>
     <span class='ocr_line' id='line_1_39' title="bbox 230 2449 1210 2505; baseline 0.002 -13"><span class='ocrx_word' id='word_1_369' title='bbox 230 2463 256 2492; x_wconf 87' lang='lat' dir='ltr'><strong>ee</strong></span> <span class='ocrx_word' id='word_1_370' title='bbox 271 2449 352 2492; x_wconf 84' lang='lat' dir='ltr'><strong>iudicio</strong></span> <span class='ocrx_word' id='word_1_371' title='bbox 367 2452 448 2505; x_wconf 71' lang='lat' dir='ltr'><strong>legatis</strong></span> <span class='ocrx_word' id='word_1_372' title='bbox 462 2452 569 2502; x_wconf 73' lang='lat' dir='ltr'><strong>dixisset,</strong></span> <span class='ocrx_word' id='word_1_373' title='bbox 589 2452 621 2493; x_wconf 90' lang='lat' dir='ltr'><strong>ita</strong></span> <span class='ocrx_word' id='word_1_374' title='bbox 635 2453 718 2493; x_wconf 87' lang='lat' dir='ltr'><strong>bellum</strong></span> <span class='ocrx_word' id='word_1_375' title='bbox 738 2454 846 2495; x_wconf 82' lang='lat' dir='ltr'><strong>adversus</strong></span> <span class='ocrx_word' id='word_1_376' title='bbox 860 2454 970 2495; x_wconf 83' lang='lat' dir='ltr'><strong>Romanos</strong></span> <span class='ocrx_word' id='word_1_377' title='bbox 984 2453 1099 2495; x_wconf 90' lang='lat' dir='ltr'><strong>suadendo</strong></span> <span class='ocrx_word' id='word_1_378' title='bbox 1114 2453 1210 2494; x_wconf 89' lang='lat' dir='ltr'><strong>concita·</strong></span> 
     </span>
     <span class='ocr_line' id='line_1_40' title="bbox 232 2506 1211 2561; baseline 0.002 -17"><span class='ocrx_word' id='word_1_379' title='bbox 232 2507 276 2554; x_wconf 84' lang='lat' dir='ltr'><strong>vit,</strong></span> <span class='ocrx_word' id='word_1_380' title='bbox 297 2507 322 2545; x_wconf 94' lang='lat' dir='ltr'><strong>nt</strong></span> <span class='ocrx_word' id='word_1_381' title='bbox 336 2506 433 2557; x_wconf 70' lang='lat' dir='ltr'><strong>legatos,</strong></span> <span class='ocrx_word' id='word_1_382' title='bbox 448 2515 493 2556; x_wconf 74' lang='lat' dir='ltr'><strong>qno</strong></span> <span class='ocrx_word' id='word_1_383' title='bbox 508 2507 580 2546; x_wconf 89' lang='lat' dir='ltr'><strong>minus</strong></span> <span class='ocrx_word' id='word_1_384' title='bbox 595 2507 745 2555; x_wconf 85' lang='lat' dir='ltr'><strong>violarentur,</strong></span> <span class='ocrx_word' id='word_1_385' title='bbox 766 2507 818 2559; x_wconf 80' lang='lat' dir='ltr'><strong>iuga</strong></span> <span class='ocrx_word' id='word_1_386' title='bbox 831 2509 972 2561; x_wconf 87' lang='lat' dir='ltr'><strong>explicuerit.</strong></span> <span class='ocrx_word' id='word_1_387' title='bbox 992 2506 1015 2547; x_wconf 95' lang='lat' dir='ltr'><strong>id</strong></span> <span class='ocrx_word' id='word_1_388' title='bbox 1036 2507 1166 2548; x_wconf 88' lang='lat' dir='ltr'><strong>nuntiantes</strong></span> <span class='ocrx_word' id='word_1_389' title='bbox 1179 2508 1211 2547; x_wconf 91' lang='lat' dir='ltr'><strong>in-</strong></span> 
     </span>
     <span class='ocr_line' id='line_1_41' title="bbox 232 2557 1211 2611; baseline 0.003 -13"><span class='ocrx_word' id='word_1_390' title='bbox 232 2561 312 2599; x_wconf 87' lang='lat' dir='ltr'><strong>lestnm</strong></span> <span class='ocrx_word' id='word_1_391' title='bbox 327 2561 369 2600; x_wconf 85' lang='lat' dir='ltr'><strong>lam</strong></span> <span class='ocrx_word' id='word_1_392' title='bbox 385 2561 486 2599; x_wconf 88' lang='lat' dir='ltr'><strong>senatum</strong></span> <span class='ocrx_word' id='word_1_393' title='bbox 501 2557 722 2611; x_wconf 74' lang='lat' dir='ltr'><strong>carthaginiensibus</strong></span> <span class='ocrx_word' id='word_1_394' title='bbox 736 2560 872 2603; x_wconf 79' lang='lat' dir='ltr'><strong>intentiorem</strong></span> <span class='ocrx_word' id='word_1_395' title='bbox 889 2563 998 2605; x_wconf 88' lang='lat' dir='ltr'><strong>iecerunt.</strong></span> <span class='ocrx_word' id='word_1_396' title='bbox 1013 2561 1044 2605; x_wconf 93' lang='lat' dir='ltr'><strong>M.</strong></span> <span class='ocrx_word' id='word_1_397' title='bbox 1056 2562 1147 2602; x_wconf 82' lang='lat' dir='ltr'><strong>Porcius</strong></span> <span class='ocrx_word' id='word_1_398' title='bbox 1157 2561 1211 2603; x_wconf 82' lang='lat' dir='ltr'><strong>Cato</strong></span> 
     </span>
     <span class='ocr_line' id='line_1_42' title="bbox 231 2611 1208 2670; baseline 0.003 -18"><span class='ocrx_word' id='word_1_399' title='bbox 231 2611 270 2652; x_wconf 86' lang='lat' dir='ltr'><strong>lilii</strong></span> <span class='ocrx_word' id='word_1_400' title='bbox 285 2612 307 2650; x_wconf 93' lang='lat' dir='ltr'><strong>in</strong></span> <span class='ocrx_word' id='word_1_401' title='bbox 327 2614 431 2665; x_wconf 90' lang='lat' dir='ltr'><strong>praetura</strong></span> <span class='ocrx_word' id='word_1_402' title='bbox 450 2613 529 2653; x_wconf 91' lang='lat' dir='ltr'><strong>mortui</strong></span> <span class='ocrx_word' id='word_1_403' title='bbox 538 2611 610 2666; x_wconf 16' lang='lat' dir='ltr'><strong>liunus</strong></span> <span class='ocrx_word' id='word_1_404' title='bbox 624 2612 767 2663; x_wconf 88' lang='lat' dir='ltr'><strong>tenuissimo,</strong></span> <span class='ocrx_word' id='word_1_405' title='bbox 788 2618 813 2656; x_wconf 94' lang='lat' dir='ltr'><strong>ut</strong></span> <span class='ocrx_word' id='word_1_406' title='bbox 827 2617 900 2670; x_wconf 89' lang='lat' dir='ltr'><strong>potuit</strong></span> <span class='ocrx_word' id='word_1_407' title='bbox 914 2641 941 2650; x_wconf 91' lang='lat'>-</span> <span class='ocrx_word' id='word_1_408' title='bbox 955 2626 1004 2655; x_wconf 90' lang='lat' dir='ltr'><strong>nam</strong></span> <span class='ocrx_word' id='word_1_409' title='bbox 1018 2626 1103 2669; x_wconf 85' lang='lat' dir='ltr'><strong>pauper</strong></span> <span class='ocrx_word' id='word_1_410' title='bbox 1116 2617 1164 2656; x_wconf 89' lang='lat' dir='ltr'><strong>erat</strong></span> <span class='ocrx_word' id='word_1_411' title='bbox 1176 2638 1208 2665; x_wconf 75' lang='lat'><strong>-,</strong></span> 
     </span>
     <span class='ocr_line' id='line_1_43' title="bbox 230 2665 1203 2723; baseline 0.005 -19"><span class='ocrx_word' id='word_1_412' title='bbox 230 2666 320 2716; x_wconf 85' lang='lat' dir='ltr'><strong>sumptu</strong></span> <span class='ocrx_word' id='word_1_413' title='bbox 335 2666 395 2706; x_wconf 82' lang='lat' dir='ltr'><strong>lecit.</strong></span> <span class='ocrx_word' id='word_1_414' title='bbox 413 2665 547 2717; x_wconf 79' lang='lat' dir='ltr'><strong>Andriscus,</strong></span> <span class='ocrx_word' id='word_1_415' title='bbox 569 2665 607 2718; x_wconf 81' lang='lat' dir='ltr'><strong>qui</strong></span> <span class='ocrx_word' id='word_1_416' title='bbox 622 2677 646 2709; x_wconf 90' lang='lat' dir='ltr'><strong>se</strong></span> <span class='ocrx_word' id='word_1_417' title='bbox 660 2668 737 2716; x_wconf 71' lang='lat' dir='ltr'><strong>Persei</strong></span> <span class='ocrx_word' id='word_1_418' title='bbox 751 2669 831 2719; x_wconf 87' lang='lat' dir='ltr'><strong>iillum,</strong></span> <span class='ocrx_word' id='word_1_419' title='bbox 850 2672 909 2723; x_wconf 66' lang='lat' dir='ltr'><strong>regis</strong></span> <span class='ocrx_word' id='word_1_420' title='bbox 929 2670 1041 2722; x_wconf 83' lang='lat' dir='ltr'><strong>qnondam</strong></span> <span class='ocrx_word' id='word_1_421' title='bbox 1060 2668 1203 2711; x_wconf 79' lang='lat' dir='ltr'><strong>Macedoniae</strong></span> 
     </span>
     <span class='ocr_line' id='line_1_44' title="bbox 212 2718 1209 2777; baseline 0.003 -17"><span class='ocrx_word' id='word_1_422' title='bbox 212 2757 214 2760; x_wconf 90' lang='lat'>.</span> <span class='ocrx_word' id='word_1_423' title='bbox 230 2719 316 2771; x_wconf 74' lang='lat' dir='ltr'><strong>ingenti</strong></span> <span class='ocrx_word' id='word_1_424' title='bbox 330 2718 498 2762; x_wconf 81' lang='lat' dir='ltr'><strong>adseveratione</strong></span> <span class='ocrx_word' id='word_1_425' title='bbox 512 2722 656 2771; x_wconf 85' lang='lat' dir='ltr'><strong>mentiretur,</strong></span> <span class='ocrx_word' id='word_1_426' title='bbox 672 2722 762 2764; x_wconf 82' lang='lat' dir='ltr'><strong>Romam</strong></span> <span class='ocrx_word' id='word_1_427' title='bbox 777 2725 866 2768; x_wconf 85' lang='lat' dir='ltr'><strong>misane.</strong></span> <span class='ocrx_word' id='word_1_428' title='bbox 881 2724 912 2765; x_wconf 90' lang='lat' dir='ltr'><strong>M.</strong></span> <span class='ocrx_word' id='word_1_429' title='bbox 927 2723 1035 2765; x_wconf 78' lang='lat' dir='ltr'><strong>aemilius</strong></span> <span class='ocrx_word' id='word_1_430' title='bbox 1048 2723 1157 2777; x_wconf 77' lang='lat' dir='ltr'><strong>Lepidus,</strong></span> <span class='ocrx_word' id='word_1_431' title='bbox 1171 2723 1209 2774; x_wconf 71' lang='lat' dir='ltr'><strong>qun</strong></span> 
     </span>
     <span class='ocr_line' id='line_1_45' title="bbox 231 2772 1208 2830; baseline 0.004 -19"><span class='ocrx_word' id='word_1_432' title='bbox 231 2772 335 2826; x_wconf 86' lang='lat' dir='ltr'><strong>princeps</strong></span> <span class='ocrx_word' id='word_1_433' title='bbox 353 2778 446 2816; x_wconf 90' lang='lat' dir='ltr'><strong>senatus</strong></span> <span class='ocrx_word' id='word_1_434' title='bbox 467 2777 539 2817; x_wconf 82' lang='lat' dir='ltr'><strong>sextis</strong></span> <span class='ocrx_word' id='word_1_435' title='bbox 557 2776 601 2816; x_wconf 89' lang='lat' dir='ltr'><strong>iam</strong></span> <span class='ocrx_word' id='word_1_436' title='bbox 619 2777 749 2819; x_wconf 87' lang='lat' dir='ltr'><strong>censoribus</strong></span> <span class='ocrx_word' id='word_1_437' title='bbox 769 2782 816 2819; x_wconf 90' lang='lat' dir='ltr'><strong>erat</strong></span> <span class='ocrx_word' id='word_1_438' title='bbox 835 2779 919 2827; x_wconf 90' lang='lat' dir='ltr'><strong>iectus,</strong></span> <span class='ocrx_word' id='word_1_439' title='bbox 948 2782 1066 2830; x_wconf 81' lang='lat' dir='ltr'><strong>antequam</strong></span> <span class='ocrx_word' id='word_1_440' title='bbox 1080 2779 1208 2830; x_wconf 85' lang='lat' dir='ltr'><strong>exspiraret,</strong></span> 
     </span>
     <span class='ocr_line' id='line_1_46' title="bbox 230 2827 1209 2884; baseline 0.004 -18"><span class='ocrx_word' id='word_1_441' title='bbox 230 2828 344 2881; x_wconf 87' lang='lat' dir='ltr'><strong>praecepit</strong></span> <span class='ocrx_word' id='word_1_442' title='bbox 359 2827 424 2878; x_wconf 78' lang='lat' dir='ltr'><strong>ditia,</strong></span> <span class='ocrx_word' id='word_1_443' title='bbox 443 2829 503 2871; x_wconf 87' lang='lat' dir='ltr'><strong>lecto</strong></span> <span class='ocrx_word' id='word_1_444' title='bbox 516 2840 542 2871; x_wconf 90' lang='lat' dir='ltr'><strong>se</strong></span> <span class='ocrx_word' id='word_1_445' title='bbox 555 2832 626 2871; x_wconf 83' lang='lat' dir='ltr'><strong>strato</strong></span> <span class='ocrx_word' id='word_1_446' title='bbox 639 2834 688 2873; x_wconf 89' lang='lat' dir='ltr'><strong>sine</strong></span> <span class='ocrx_word' id='word_1_447' title='bbox 704 2831 790 2882; x_wconf 90' lang='lat' dir='ltr'><strong>linteis,</strong></span> <span class='ocrx_word' id='word_1_448' title='bbox 809 2833 858 2874; x_wconf 90' lang='lat' dir='ltr'><strong>sinc</strong></span> <span class='ocrx_word' id='word_1_449' title='bbox 880 2843 976 2884; x_wconf 88' lang='lat' dir='ltr'><strong>purpura</strong></span> <span class='ocrx_word' id='word_1_450' title='bbox 990 2833 1109 2881; x_wconf 65' lang='lat' dir='ltr'><strong>ederrenta.</strong></span> <span class='ocrx_word' id='word_1_451' title='bbox 1124 2833 1145 2871; x_wconf 89' lang='lat' dir='ltr'><strong>iu</strong></span> <span class='ocrx_word' id='word_1_452' title='bbox 1160 2830 1209 2871; x_wconf 84' lang='lat' dir='ltr'><strong>reli·</strong></span> 
     </span>
     <span class='ocr_line' id='line_1_47' title="bbox 231 2880 1210 2939; baseline 0.004 -19"><span class='ocrx_word' id='word_1_453' title='bbox 231 2891 298 2935; x_wconf 77' lang='lat' dir='ltr'><strong>quum</strong></span> <span class='ocrx_word' id='word_1_454' title='bbox 313 2880 379 2924; x_wconf 77' lang='lat' dir='ltr'><strong>funos</strong></span> <span class='ocrx_word' id='word_1_455' title='bbox 392 2896 421 2925; x_wconf 90' lang='lat' dir='ltr'><strong>ne</strong></span> <span class='ocrx_word' id='word_1_456' title='bbox 435 2886 486 2938; x_wconf 91' lang='lat' dir='ltr'><strong>plns</strong></span> <span class='ocrx_word' id='word_1_457' title='bbox 500 2895 566 2937; x_wconf 82' lang='lat' dir='ltr'><strong>qnam</strong></span> <span class='ocrx_word' id='word_1_458' title='bbox 579 2886 638 2926; x_wconf 88' lang='lat' dir='ltr'><strong>aeris</strong></span> <span class='ocrx_word' id='word_1_459' title='bbox 652 2886 744 2927; x_wconf 87' lang='lat' dir='ltr'><strong>deciens</strong></span> <span class='ocrx_word' id='word_1_460' title='bbox 758 2888 926 2928; x_wconf 77' lang='lat' dir='ltr'><strong>consumerent:</strong></span> <span class='ocrx_word' id='word_1_461' title='bbox 941 2886 1151 2939; x_wconf 73' lang='lat' dir='ltr'><strong>imaginumspecle,</strong></span> <span class='ocrx_word' id='word_1_462' title='bbox 1166 2896 1210 2925; x_wconf 90' lang='lat' dir='ltr'><strong>non</strong></span> 
     </span>
     <span class='ocr_line' id='line_1_48' title="bbox 230 2937 1208 2992; baseline 0.003 -16"><span class='ocrx_word' id='word_1_463' title='bbox 230 2937 355 2988; x_wconf 79' lang='lat' dir='ltr'><strong>sumptione</strong></span> <span class='ocrx_word' id='word_1_464' title='bbox 373 2938 486 2980; x_wconf 87' lang='lat' dir='ltr'><strong>nobilitari</strong></span> <span class='ocrx_word' id='word_1_465' title='bbox 506 2950 634 2992; x_wconf 78' lang='lat' dir='ltr'><strong>magnorum</strong></span> <span class='ocrx_word' id='word_1_466' title='bbox 648 2940 837 2988; x_wconf 75' lang='lat' dir='ltr'><strong>vlrnrnminnera</strong></span> <span class='ocrx_word' id='word_1_467' title='bbox 850 2940 932 2984; x_wconf 81' lang='lat' dir='ltr'><strong>solere.</strong></span> <span class='ocrx_word' id='word_1_468' title='bbox 953 2940 981 2981; x_wconf 91' lang='lat' dir='ltr'><strong>de</strong></span> <span class='ocrx_word' id='word_1_469' title='bbox 996 2939 1108 2982; x_wconf 72' lang='lat' dir='ltr'><strong>veneficiis</strong></span> <span class='ocrx_word' id='word_1_470' title='bbox 1122 2938 1208 2991; x_wconf 79' lang='lat' dir='ltr'><strong>qnaesi-</strong></span> 
     </span>
     <span class='ocr_line' id='line_1_49' title="bbox 230 2991 1197 3047; baseline 0.003 -17"><span class='ocrx_word' id='word_1_471' title='bbox 230 2992 286 3031; x_wconf 86' lang='lat' dir='ltr'><strong>tom.</strong></span> <span class='ocrx_word' id='word_1_472' title='bbox 306 2991 408 3033; x_wconf 82' lang='lat' dir='ltr'><strong>Publicia</strong></span> <span class='ocrx_word' id='word_1_473' title='bbox 423 2997 446 3034; x_wconf 90' lang='lat' dir='ltr'><strong>et</strong></span> <span class='ocrx_word' id='word_1_474' title='bbox 460 2994 557 3045; x_wconf 80' lang='lat' dir='ltr'><strong>Licinia,</strong></span> <span class='ocrx_word' id='word_1_475' title='bbox 579 2994 668 3035; x_wconf 86' lang='lat' dir='ltr'><strong>nobiles</strong></span> <span class='ocrx_word' id='word_1_476' title='bbox 682 2994 787 3046; x_wconf 74' lang='lat' dir='ltr'><strong>feminae,</strong></span> <span class='ocrx_word' id='word_1_477' title='bbox 807 3004 866 3047; x_wconf 81' lang='lat' dir='ltr'><strong>quae</strong></span> <span class='ocrx_word' id='word_1_478' title='bbox 885 2995 948 3035; x_wconf 78' lang='lat' dir='ltr'><strong>viros</strong></span> <span class='ocrx_word' id='word_1_479' title='bbox 962 3004 1016 3036; x_wconf 89' lang='lat' dir='ltr'><strong>snos</strong></span> <span class='ocrx_word' id='word_1_480' title='bbox 1028 2992 1156 3035; x_wconf 88' lang='lat' dir='ltr'><strong>consulares</strong></span> <span class='ocrx_word' id='word_1_481' title='bbox 1170 3005 1197 3033; x_wconf 91' lang='lat' dir='ltr'><strong>ne</strong></span> 
     </span>
     <span class='ocr_line' id='line_1_50' title="bbox 230 3039 1208 3102; baseline 0.002 -17"><span class='ocrx_word' id='word_1_482' title='bbox 230 3053 294 3085; x_wconf 90' lang='lat' dir='ltr'><strong>casse</strong></span> <span class='ocrx_word' id='word_1_483' title='bbox 312 3047 508 3098; x_wconf 76' lang='lat' dir='ltr'><strong>insimulabantur,</strong></span> <span class='ocrx_word' id='word_1_484' title='bbox 527 3039 615 3102; x_wconf 76' lang='lat' dir='ltr'><strong>cognila</strong></span> <span class='ocrx_word' id='word_1_485' title='bbox 633 3058 711 3098; x_wconf 89' lang='lat' dir='ltr'><strong>cause,</strong></span> <span class='ocrx_word' id='word_1_486' title='bbox 731 3061 780 3090; x_wconf 87' lang='lat' dir='ltr'><strong>cnm</strong></span> <span class='ocrx_word' id='word_1_487' title='bbox 794 3048 890 3102; x_wconf 88' lang='lat' dir='ltr'><strong>praetori</strong></span> <span class='ocrx_word' id='word_1_488' title='bbox 910 3059 951 3101; x_wconf 92' lang='lat' dir='ltr'><strong>pro</strong></span> <span class='ocrx_word' id='word_1_489' title='bbox 965 3059 991 3090; x_wconf 93' lang='lat' dir='ltr'><strong>se</strong></span> <span class='ocrx_word' id='word_1_490' title='bbox 1005 3048 1074 3089; x_wconf 87' lang='lat' dir='ltr'><strong>rades</strong></span> <span class='ocrx_word' id='word_1_491' title='bbox 1088 3048 1208 3098; x_wconf 84' lang='lat' dir='ltr'><strong>dedissent,</strong></span> 
     </span>
     <span class='ocr_line' id='line_1_51' title="bbox 229 3100 1207 3150; baseline 0.004 -11"><span class='ocrx_word' id='word_1_492' title='bbox 229 3100 373 3150; x_wconf 66' lang='lat' dir='ltr'><strong>cognatorum</strong></span> <span class='ocrx_word' id='word_1_493' title='bbox 389 3100 478 3143; x_wconf 88' lang='lat' dir='ltr'><strong>decreto</strong></span> <span class='ocrx_word' id='word_1_494' title='bbox 492 3106 584 3145; x_wconf 88' lang='lat' dir='ltr'><strong>necatae</strong></span> <span class='ocrx_word' id='word_1_495' title='bbox 598 3106 658 3147; x_wconf 86' lang='lat' dir='ltr'><strong>sunt.</strong></span> <span class='ocrx_word' id='word_1_496' title='bbox 675 3102 771 3144; x_wconf 80' lang='lat' dir='ltr'><strong>Gulussa</strong></span> <span class='ocrx_word' id='word_1_497' title='bbox 785 3103 919 3146; x_wconf 82' lang='lat' dir='ltr'><strong>Masinissae</strong></span> <span class='ocrx_word' id='word_1_498' title='bbox 933 3102 993 3144; x_wconf 87' lang='lat' dir='ltr'><strong>Mine</strong></span> <span class='ocrx_word' id='word_1_499' title='bbox 1008 3102 1148 3144; x_wconf 81' lang='lat' dir='ltr'><strong>denuntiavit</strong></span> <span class='ocrx_word' id='word_1_500' title='bbox 1157 3101 1207 3143; x_wconf 81' lang='lat' dir='ltr'><strong>cn·</strong></span> 
     </span>
     <span class='ocr_line' id='line_1_52' title="bbox 230 3150 1208 3210; baseline 0.003 -17"><span class='ocrx_word' id='word_1_501' title='bbox 230 3150 314 3206; x_wconf 68' lang='lat' dir='ltr'><strong>thegini</strong></span> <span class='ocrx_word' id='word_1_502' title='bbox 336 3153 432 3196; x_wconf 90' lang='lat' dir='ltr'><strong>dilectus</strong></span> <span class='ocrx_word' id='word_1_503' title='bbox 450 3156 498 3208; x_wconf 75' lang='lat' dir='ltr'><strong>agl,</strong></span> <span class='ocrx_word' id='word_1_504' title='bbox 519 3156 614 3198; x_wconf 85' lang='lat' dir='ltr'><strong>classem</strong></span> <span class='ocrx_word' id='word_1_505' title='bbox 633 3158 767 3210; x_wconf 89' lang='lat' dir='ltr'><strong>comparari,</strong></span> <span class='ocrx_word' id='word_1_506' title='bbox 786 3160 810 3198; x_wconf 92' lang='lat' dir='ltr'><strong>et</strong></span> <span class='ocrx_word' id='word_1_507' title='bbox 824 3154 884 3197; x_wconf 88' lang='lat' dir='ltr'><strong>band</strong></span> <span class='ocrx_word' id='word_1_508' title='bbox 899 3155 967 3197; x_wconf 88' lang='lat' dir='ltr'><strong>dubie</strong></span> <span class='ocrx_word' id='word_1_509' title='bbox 981 3157 1066 3198; x_wconf 88' lang='lat' dir='ltr'><strong>bellum</strong></span> <span class='ocrx_word' id='word_1_510' title='bbox 1080 3157 1144 3201; x_wconf 81' lang='lat' dir='ltr'><strong>strui,</strong></span> <span class='ocrx_word' id='word_1_511' title='bbox 1162 3167 1208 3197; x_wconf 84' lang='lat' dir='ltr'><strong>cuna</strong></span> 
     </span>
     <span class='ocr_line' id='line_1_53' title="bbox 230 3205 1208 3261; baseline 0.002 -13"><span class='ocrx_word' id='word_1_512' title='bbox 230 3205 285 3248; x_wconf 80' lang='lat' dir='ltr'><strong>caeo</strong></span> <span class='ocrx_word' id='word_1_513' title='bbox 306 3206 423 3260; x_wconf 89' lang='lat' dir='ltr'><strong>suaderet,</strong></span> <span class='ocrx_word' id='word_1_514' title='bbox 443 3211 512 3252; x_wconf 89' lang='lat' dir='ltr'><strong>utils</strong></span> <span class='ocrx_word' id='word_1_515' title='bbox 530 3210 613 3252; x_wconf 86' lang='lat' dir='ltr'><strong>bellum</strong></span> <span class='ocrx_word' id='word_1_516' title='bbox 632 3212 778 3261; x_wconf 87' lang='lat' dir='ltr'><strong>indiceretur,</strong></span> <span class='ocrx_word' id='word_1_517' title='bbox 799 3211 824 3252; x_wconf 81' lang='lat' dir='ltr'><strong>P.</strong></span> <span class='ocrx_word' id='word_1_518' title='bbox 840 3210 943 3254; x_wconf 81' lang='lat' dir='ltr'><strong>cornelio</strong></span> <span class='ocrx_word' id='word_1_519' title='bbox 957 3210 1040 3252; x_wconf 84' lang='lat' dir='ltr'><strong>Nasica</strong></span> <span class='ocrx_word' id='word_1_520' title='bbox 1054 3211 1142 3251; x_wconf 88' lang='lat' dir='ltr'><strong>dicente</strong></span> <span class='ocrx_word' id='word_1_521' title='bbox 1155 3208 1208 3251; x_wconf 86' lang='lat' dir='ltr'><strong>nibil</strong></span> 
     </span>
     <span class='ocr_line' id='line_1_54' title="bbox 230 3262 1207 3318; baseline 0.001 -16"><span class='ocrx_word' id='word_1_522' title='bbox 230 3264 313 3302; x_wconf 85' lang='lat' dir='ltr'><strong>temere</strong></span> <span class='ocrx_word' id='word_1_523' title='bbox 331 3262 456 3305; x_wconf 85' lang='lat' dir='ltr'><strong>iaciendum</strong></span> <span class='ocrx_word' id='word_1_524' title='bbox 475 3264 560 3315; x_wconf 87' lang='lat' dir='ltr'><strong>placuit</strong></span> <span class='ocrx_word' id='word_1_525' title='bbox 579 3265 655 3306; x_wconf 86' lang='lat' dir='ltr'><strong>decem</strong></span> <span class='ocrx_word' id='word_1_526' title='bbox 674 3265 731 3306; x_wconf 91' lang='lat' dir='ltr'><strong>mitti</strong></span> <span class='ocrx_word' id='word_1_527' title='bbox 745 3265 832 3318; x_wconf 72' lang='lat' dir='ltr'><strong>legatos</strong></span> <span class='ocrx_word' id='word_1_528' title='bbox 846 3264 995 3317; x_wconf 84' lang='lat' dir='ltr'><strong>exploratum.</strong></span> <span class='ocrx_word' id='word_1_529' title='bbox 1013 3264 1041 3308; x_wconf 67' lang='lat' dir='ltr'><strong>la.</strong></span> <span class='ocrx_word' id='word_1_530' title='bbox 1056 3264 1155 3307; x_wconf 74' lang='lat' dir='ltr'><strong>Licinius</strong></span> <span class='ocrx_word' id='word_1_531' title='bbox 1167 3264 1207 3306; x_wconf 82' lang='lat' dir='ltr'><strong>Ln-</strong></span> 
     </span>
     <span class='ocr_line' id='line_1_55' title="bbox 230 3315 1207 3371; baseline 0.002 -15"><span class='ocrx_word' id='word_1_532' title='bbox 230 3315 304 3357; x_wconf 85' lang='lat' dir='ltr'><strong>cullns</strong></span> <span class='ocrx_word' id='word_1_533' title='bbox 324 3318 352 3361; x_wconf 81' lang='lat' dir='ltr'><strong>A.</strong></span> <span class='ocrx_word' id='word_1_534' title='bbox 370 3317 499 3358; x_wconf 85' lang='lat' dir='ltr'><strong>Postumius</strong></span> <span class='ocrx_word' id='word_1_535' title='bbox 518 3316 613 3359; x_wconf 83' lang='lat' dir='ltr'><strong>Albinus</strong></span> <span class='ocrx_word' id='word_1_536' title='bbox 631 3319 736 3360; x_wconf 89' lang='lat' dir='ltr'><strong>consules</strong></span> <span class='ocrx_word' id='word_1_537' title='bbox 754 3330 803 3360; x_wconf 88' lang='lat' dir='ltr'><strong>cnm</strong></span> <span class='ocrx_word' id='word_1_538' title='bbox 824 3317 928 3359; x_wconf 80' lang='lat' dir='ltr'><strong>dliec&#39;tnm</strong></span> <span class='ocrx_word' id='word_1_539' title='bbox 948 3329 1027 3360; x_wconf 86' lang='lat' dir='ltr'><strong>serere</strong></span> <span class='ocrx_word' id='word_1_540' title='bbox 1046 3319 1149 3371; x_wconf 72' lang='lat' dir='ltr'><strong>agerent,</strong></span> <span class='ocrx_word' id='word_1_541' title='bbox 1169 3328 1207 3359; x_wconf 88' lang='lat' dir='ltr'><strong>nec</strong></span> 
     </span>
     <span class='ocr_line' id='line_1_56' title="bbox 229 3370 1207 3425; baseline 0 -14"><span class='ocrx_word' id='word_1_542' title='bbox 229 3380 362 3422; x_wconf 77' lang='lat' dir='ltr'><strong>quemqnam</strong></span> <span class='ocrx_word' id='word_1_543' title='bbox 376 3372 447 3424; x_wconf 75' lang='lat' dir='ltr'><strong>gretia</strong></span> <span class='ocrx_word' id='word_1_544' title='bbox 463 3370 611 3419; x_wconf 84' lang='lat' dir='ltr'><strong>dimitterent,</strong></span> <span class='ocrx_word' id='word_1_545' title='bbox 627 3373 655 3413; x_wconf 85' lang='lat' dir='ltr'><strong>ab</strong></span> <span class='ocrx_word' id='word_1_546' title='bbox 671 3373 765 3414; x_wconf 83' lang='lat' dir='ltr'><strong>tribunis</strong></span> <span class='ocrx_word' id='word_1_547' title='bbox 779 3372 865 3425; x_wconf 86' lang='lat' dir='ltr'><strong>plebis,</strong></span> <span class='ocrx_word' id='word_1_548' title='bbox 884 3374 923 3424; x_wconf 82' lang='lat' dir='ltr'><strong>qni</strong></span> <span class='ocrx_word' id='word_1_549' title='bbox 939 3384 979 3424; x_wconf 88' lang='lat' dir='ltr'><strong>pro</strong></span> <span class='ocrx_word' id='word_1_550' title='bbox 993 3373 1071 3413; x_wconf 87' lang='lat' dir='ltr'><strong>amicis</strong></span> <span class='ocrx_word' id='word_1_551' title='bbox 1084 3372 1132 3413; x_wconf 89' lang='lat' dir='ltr'><strong>suis</strong></span> <span class='ocrx_word' id='word_1_552' title='bbox 1146 3382 1207 3411; x_wconf 83' lang='lat' dir='ltr'><strong>raca·</strong></span> 
     </span>
     <span class='ocr_line' id='line_1_57' title="bbox 229 3424 1206 3479; baseline 0.004 -17"><span class='ocrx_word' id='word_1_553' title='bbox 229 3424 312 3465; x_wconf 89' lang='lat' dir='ltr'><strong>tionem</strong></span> <span class='ocrx_word' id='word_1_554' title='bbox 326 3425 446 3478; x_wconf 89' lang='lat' dir='ltr'><strong>impetrare</strong></span> <span class='ocrx_word' id='word_1_555' title='bbox 461 3435 503 3464; x_wconf 90' lang='lat' dir='ltr'><strong>nnn</strong></span> <span class='ocrx_word' id='word_1_556' title='bbox 518 3425 633 3475; x_wconf 88' lang='lat' dir='ltr'><strong>poterant,</strong></span> <span class='ocrx_word' id='word_1_557' title='bbox 648 3427 669 3465; x_wconf 92' lang='lat' dir='ltr'><strong>in</strong></span> <span class='ocrx_word' id='word_1_558' title='bbox 684 3436 793 3466; x_wconf 86' lang='lat' dir='ltr'><strong>carcerem</strong></span> <span class='ocrx_word' id='word_1_559' title='bbox 808 3426 903 3466; x_wconf 88' lang='lat' dir='ltr'><strong>conlecti</strong></span> <span class='ocrx_word' id='word_1_560' title='bbox 917 3429 977 3467; x_wconf 91' lang='lat' dir='ltr'><strong>sunt.</strong></span> <span class='ocrx_word' id='word_1_561' title='bbox 997 3437 1046 3466; x_wconf 90' lang='lat' dir='ltr'><strong>cum</strong></span> <span class='ocrx_word' id='word_1_562' title='bbox 1061 3424 1206 3479; x_wconf 81' lang='lat' dir='ltr'><strong>Hispaniense</strong></span> 
     </span>
     <span class='ocr_line' id='line_1_58' title="bbox 229 3476 1206 3532; baseline 0.004 -17"><span class='ocrx_word' id='word_1_563' title='bbox 229 3476 311 3518; x_wconf 87' lang='lat' dir='ltr'><strong>beilum</strong></span> <span class='ocrx_word' id='word_1_564' title='bbox 331 3490 407 3532; x_wconf 88' lang='lat' dir='ltr'><strong>parum</strong></span> <span class='ocrx_word' id='word_1_565' title='bbox 427 3487 534 3531; x_wconf 88' lang='lat' dir='ltr'><strong>prospere</strong></span> <span class='ocrx_word' id='word_1_566' title='bbox 554 3476 674 3527; x_wconf 82' lang='lat' dir='ltr'><strong>aliquoties</strong></span> <span class='ocrx_word' id='word_1_567' title='bbox 693 3480 780 3529; x_wconf 72' lang='lat' dir='ltr'><strong>gestum</strong></span> <span class='ocrx_word' id='word_1_568' title='bbox 798 3480 831 3520; x_wconf 87' lang='lat' dir='ltr'><strong>ita</strong></span> <span class='ocrx_word' id='word_1_569' title='bbox 850 3479 989 3520; x_wconf 83' lang='lat' dir='ltr'><strong>contudisset</strong></span> <span class='ocrx_word' id='word_1_570' title='bbox 1003 3480 1116 3520; x_wconf 83' lang='lat' dir='ltr'><strong>civitatem</strong></span> <span class='ocrx_word' id='word_1_571' title='bbox 1131 3478 1206 3519; x_wconf 87' lang='lat' dir='ltr'><strong>lloma·</strong></span> 
     </span>
     <span class='ocr_line' id='line_1_59' title="bbox 229 3530 1206 3585; baseline 0.004 -17"><span class='ocrx_word' id='word_1_572' title='bbox 229 3538 286 3579; x_wconf 86' lang='lat' dir='ltr'><strong>nam,</strong></span> <span class='ocrx_word' id='word_1_573' title='bbox 302 3536 326 3573; x_wconf 91' lang='lat' dir='ltr'><strong>nt</strong></span> <span class='ocrx_word' id='word_1_574' title='bbox 340 3545 369 3574; x_wconf 90' lang='lat' dir='ltr'><strong>ne</strong></span> <span class='ocrx_word' id='word_1_575' title='bbox 382 3533 398 3576; x_wconf 91' lang='lat' dir='ltr'><strong>ii</strong></span> <span class='ocrx_word' id='word_1_576' title='bbox 413 3532 503 3585; x_wconf 81' lang='lat' dir='ltr'><strong>quidem</strong></span> <span class='ocrx_word' id='word_1_577' title='bbox 516 3530 675 3581; x_wconf 79' lang='lat' dir='ltr'><strong>invenirentur,</strong></span> <span class='ocrx_word' id='word_1_578' title='bbox 692 3532 730 3583; x_wconf 89' lang='lat' dir='ltr'><strong>qni</strong></span> <span class='ocrx_word' id='word_1_579' title='bbox 743 3536 781 3571; x_wconf 93' lang='lat' dir='ltr'><strong>ant</strong></span> <span class='ocrx_word' id='word_1_580' title='bbox 795 3532 930 3575; x_wconf 88' lang='lat' dir='ltr'><strong>tribunatum</strong></span> <span class='ocrx_word' id='word_1_581' title='bbox 946 3531 1075 3585; x_wconf 83' lang='lat' dir='ltr'><strong>exciperent</strong></span> <span class='ocrx_word' id='word_1_582' title='bbox 1089 3534 1128 3578; x_wconf 84' lang='lat' dir='ltr'><strong>ant</strong></span> <span class='ocrx_word' id='word_1_583' title='bbox 1142 3532 1206 3584; x_wconf 64' lang='lat' dir='ltr'><strong>legati</strong></span> 
     </span>
    </p>
   </div>
   <div class='ocr_carea' id='block_1_4' title="bbox 0 0 1326 4017">
    <p class='ocr_par' dir='ltr' id='par_1_6' title="bbox 0 0 1326 4017">
     <span class='ocr_line' id='line_1_60' title="bbox 0 0 1326 4017; baseline 0 4"><span class='ocrx_word' id='word_1_584' title='bbox 0 0 1326 4017; x_wconf 95' lang='lat' dir='ltr'><strong> </strong></span> 
     </span>
    </p>
   </div>
  </div>
 </body>
</html>
