2642 4017
302 338 418 400 LIBER
427 338 515 399 XLII.
537 341 730 403 caenam.
754 347 790 415 [ι.
803 348 837 401 C.
851 348 910 416 lii]
1038 344 1126 408 149·

117 495 168 556 ius
183 494 299 570 madae
313 510 374 554 non
394 493 478 554 dare.
500 509 615 568 ugrum,
631 510 693 569 que
707 494 858 569 cuiusque
872 492 921 569 sit,
943 497 1100 571 possideri

117 580 213 653 velie,
234 593 293 637 nec
308 593 407 638 novos
423 583 557 638 statuere
571 576 666 650 iines,
688 576 745 638 sed
759 583 881 638 veteres
897 578 1055 640 observari
1069 582 1100 641 in

118 662 221 723 animo
242 661 367 720 habere·
400 659 702 734 Carthaginiensibus
723 659 811 721 victis
837 676 873 721 se
894 668 925 723 et
943 663 1051 724 urbem
1070 671 1102 726 et

118 761 211 820 agros
226 743 433 817 concessisse,
450 760 512 804 non
526 750 560 804 ut
573 743 603 803 in
619 758 698 819 paee
712 744 866 820 eriperent
878 761 936 820 per
949 745 1100 822 iniuriam,

120 843 201 903 quae
215 826 281 888 iuro
295 826 368 888 belii
382 842 445 887 non
461 825 658 887 ademissent
682 827 723 887 ita
734 828 858 902 regulus
872 827 1099 905 Carthaginien-

119 926 235 987 sesque
247 910 375 971 dimissi.
397 924 573 970 muueraex
583 910 720 972 instituto
733 910 803 973 deta
814 911 962 988 utrisque,
978 914 1100 990 aliaque

116 994 283 1069 hospitalia
296 994 423 1054 comiter
436 1001 628 1054 conservate.

203 1077 295 1138 XXV.
319 1075 384 1138 Sub
404 1077 487 1137 idem
513 1083 634 1152 tempus
657 1077 710 1137 Cn.
731 1076 885 1139 Servilius.
901 1079 1014 1155 caepio
1035 1083 1097 1157 Ap.

119 1160 265 1221 Claudius
288 1161 382 1222 Cento
402 1159 434 1218 Τ.
455 1159 576 1220 Annius
594 1161 716 1222 Luscus
730 1160 821 1236 legati
836 1162 941 1222 adres
956 1171 1097 1238 repeten-

118 1246 177 1304 dos
194 1242 225 1305 in
235 1244 447 1306 Macedoniam
457 1244 752 1321 renuntiandamque
763 1244 925 1306 amicitiam
935 1250 1000 1321 regi
1011 1248 1096 1311 missi

116 1327 289 1396 redierunt;
311 1329 365 1403 qui
384 1328 444 1387 iam
464 1343 523 1388 sua
541 1334 653 1403 sponte
673 1326 818 1389 iniustum
836 1328 943 1389 Persei
957 1338 1097 1391 senatum

116 1412 245 1487 insuper
255 1411 462 1472 accendenmt
470 1411 574 1472 relatis
586 1410 695 1473 ordine
706 1426 787 1486 quae
795 1411 944 1473 vidissent
955 1428 1097 1487 quaeque

113 1494 292 1556 audissent
309 1494 426 1555 vidisse
440 1508 476 1554 se
490 1509 547 1570 per
566 1510 674 1554 omnes
689 1494 781 1554 urbes
795 1494 999 1556 Macedonum
1015 1512 1096 1556 sum·

116 1595 169 1637 me
186 1579 217 1638 vi
238 1577 339 1653 peruri
359 1578 481 1638 beilum.
515 1593 584 1637 cum
604 1577 645 1637 ed
664 1591 769 1652 regem
789 1578 1017 1654 pervenissent,
1040 1595 1097 1655 per

116 1663 230 1722 multos
256 1662 322 1722 dics
347 1661 551 1722 conveniendi
581 1660 648 1721 eius
675 1666 858 1736 potestatem
883 1678 945 1722 non
970 1664 1095 1724 factumn

116 1753 275 1821 postremo
298 1761 368 1806 cum
387 1744 553 1819 desperato
573 1742 633 1804 iam
655 1744 811 1819 colloquio
830 1745 961 1820 proiecti
981 1755 1095 1823 essent,

113 1837 180 1890 tum
194 1829 315 1890 demum
329 1844 365 1889 se
378 1843 419 1888 ex
432 1827 541 1889 itinere
554 1836 718 1889 revocatos
729 1833 760 1888 et
773 1828 812 1888 ad
824 1843 894 1889 eum
904 1829 1095 1893 introductos

115 1928 198 1972 esse.
220 1928 296 1973 suae
311 1911 459 1973 orationis
474 1927 623 1972 summam
637 1909 735 1972 iuisse
750 1912 861 1972 ioedus
873 1928 942 1974 eum
952 1913 1094 1991 Phiiippo

112 1991 217 2070 ictum,
233 2012 302 2058 cum
315 1997 385 2072 ipso
398 2010 436 2057 eo
451 2003 525 2070 post
538 2001 666 2055 mortem
677 1995 773 2070 patris
784 2005 973 2070 renovatum,
988 1998 1019 2057 in
1032 2013 1093 2072 quo

114 2078 231 2141 diserte
244 2078 400 2154 prohiberi
414 2095 484 2143 eum
498 2086 584 2140 extre
597 2078 678 2139 does
693 2095 778 2139 arma
792 2077 918 2152 efferre,
941 2081 1094 2154 prohiberi

116 2162 221 2223 socios
242 2164 349 2239 popuii
368 2163 499 2225 Romani
517 2163 675 2223 lacessere
695 2163 786 2224 bello.
818 2162 962 2238 exposite
982 2163 1094 2225 deinde

115 2246 154 2305 ab
174 2262 209 2306 se
230 2247 338 2307 ordine
360 2261 441 2321 quae
461 2247 522 2322 ipsi
543 2262 642 2322 nuper
659 2247 691 2306 in
711 2253 822 2308 senatu
840 2247 998 2307 Eumenen
1020 2263 1094 2308 vera

114 2332 216 2391 omnia
239 2339 270 2391 et
289 2336 446 2405 comperta
464 2332 646 2391 referentem
673 2331 842 2392 audissent.
876 2329 1094 2395 Samothracae

114 2420 274 2490 praeterea
293 2431 350 2489 per
369 2414 481 2475 multos
501 2415 568 2477 dies
583 2414 737 2477 occultum
751 2414 912 2476 consilium
927 2431 999 2480 cum
1012 2417 1093 2489 lega·

112 2497 248 2560 tionibus
263 2497 427 2559 civitatium
440 2495 537 2559 Asiae
551 2514 655 2573 regem
669 2499 826 2560 habuisse.
847 2515 904 2575 pro
915 2498 964 2559 his
975 2496 1093 2559 iniuriis

113 2580 260 2642 satisfieri
273 2589 414 2642 senatum
429 2597 561 2657 aequum
577 2598 720 2658 censere,
736 2581 888 2660 reddique
902 2582 961 2647 sibi
975 2598 1026 2644 res
1041 2597 1090 2643 so·

113 2665 231 2740 ciisque
245 2663 327 2739 suis,
353 2680 432 2740 ques
452 2667 620 2727 contraius
635 2665 771 2729 foederis
785 2667 906 2735 hebeat
932 2681 1037 2741 regem
1052 2667 1092 2727 ad

112 2763 151 2808 ea
170 2749 268 2824 primo
289 2765 456 2811 accensum
481 2751 527 2810 ira
546 2749 742 2813 inclementer
760 2751 910 2826 locutum,
934 2751 1091 2813 avaritiam

112 2831 351 2908 superbiamque
364 2833 512 2894 Romanis
527 2834 710 2895 obicientem
725 2836 915 2909 frequenter,
941 2834 1026 2908 quod
1042 2834 1091 2894 aiii

111 2931 208 2990 super
220 2918 299 2978 aiios
313 2917 406 2992 legati
420 2916 559 2978 venirent
571 2920 762 2993 speculatum
777 2918 859 2979 dicta
868 2917 1014 2992 iactaque
1024 2932 1091 2991 suu,

110 3000 197 3074 quod
217 3017 253 3061 se
273 3003 313 3061 ad
333 3008 438 3062 nutum
459 3001 682 3076 imperiumque
695 3016 802 3063 eorum
817 2998 919 3062 omnia
938 3000 1041 3067 dicere
1055 3015 1092 3061 ac

109 3082 213 3143 iacere
228 3100 360 3160 aequum
374 3093 553 3154 censerent;
575 3093 733 3159 postremo
747 3085 874 3145 multum
889 3099 926 3143 ac
940 3083 994 3145 diu
1007 3083 1090 3144 voci-

108 3165 240 3228 feratum
253 3169 365 3230 reverti
381 3176 504 3243 postero
520 3169 570 3229 die
585 3168 731 3230 iussissez
749 3167 896 3243 scriptum
910 3184 945 3228 se
958 3184 1090 3243 respou-

109 3263 178 3309 sum
194 3251 269 3312 dare
283 3254 372 3313 veile.
393 3259 456 3312 turn
470 3254 512 3313 ita
526 3252 585 3313 sibi
599 3253 748 3328 scriptum
759 3253 903 3313 traditum
914 3267 1002 3312 esse:
1026 3252 1090 3311 ioe-

108 3331 168 3393 dus
183 3349 253 3395 cum
266 3342 354 3411 patre
369 3335 462 3396 ictum
477 3336 517 3397 ad
533 3352 568 3397 se
582 3334 656 3397 nibil
667 3336 836 3411 pertineam
858 3335 890 3395 id
902 3351 938 3395 se
947 3332 1090 3394 renovari

106 3430 170 3475 non
191 3419 264 3494 qnia
283 3420 443 3495 probaret,
464 3421 521 3481 sed
541 3421 613 3495 quia
633 3419 662 3478 in
684 3436 767 3480 nova
787 3418 988 3494 possessione
1002 3413 1090 3489 regni

106 3499 253 3573 patienda
268 3503 371 3564 omnia
385 3511 505 3578 essent,
527 3518 664 3579 pessum.
683 3518 799 3563 novum
815 3501 924 3561 ioedus
940 3498 967 3558 si
982 3511 1089 3557 secum

107 3584 210 3644 iacere
223 3587 351 3660 velient,
374 3586 539 3646 convenire
553 3586 640 3661 prius
654 3587 695 3646 de
709 3580 942 3645 condicionibus
957 3578 1087 3648 debere;
