2642 4017
260 265 375 325 LIBER
388 265 521 325 xxxix.
544 263 908 339 CAP.5o.51.[a.c.1at]
1041 265 1084 331 47

102 417 270 479 memoriae
284 416 460 476 mandatum
473 415 513 474 sit
525 421 587 475 tres
609 414 710 475 claros
730 413 931 489 imperatores
947 430 985 476 eo
1004 432 1087 478 anno

103 498 596 575 decessisse,Philopoemenem,
610 496 828 571 Hannibalem,
848 496 881 556 P.
898 496 1086 575 Scipionem.

101 585 183 645 adeo
210 584 239 643 in
265 598 366 659 aequo
392 598 462 642 eum
480 582 610 642 duarum
639 581 921 655 potentissimarum
951 585 1085 657 gentiunt

101 668 230 730 summis
246 667 482 742 imperatoribus
497 672 676 741 posuerunt

183 752 235 812 Ll.
257 751 308 810 Ad
321 750 459 810 Prusiam
478 765 582 825 regem
596 751 715 824 legatus
729 747 761 806 Τ.
775 746 933 821 Quinctius
943 750 1083 811 Flamini·

99 852 159 897 nus
181 835 282 908 venit,
313 849 404 910 quern
428 839 605 908 suspectum
624 831 772 893 Romanis
800 839 830 891 et
848 841 992 910 receptus
1014 842 1085 910 post

99 920 205 994 lugam
218 918 364 980 Antiochi
384 917 534 978 Hannibal
557 923 587 977 et
608 915 721 976 bellurn
745 916 896 978 adversus
917 918 1083 980 Eumenem

97 1010 216 1064 motum
233 1001 373 1063 iaciebat.
403 1001 444 1061 ibi
459 1017 516 1061 seu
531 1001 603 1076 quia
617 1016 637 1060 a
649 999 817 1062 Flaminino
828 1001 906 1062 inter
916 1010 1019 1063 cetera
1030 1004 1084 1063 ob·

98 1088 213 1147 iactum
227 1086 353 1147 Prusiae
367 1092 432 1145 erat
449 1085 604 1145 hominem
625 1085 759 1144 omnium
780 1084 833 1161 qui
854 1086 993 1147 viverent
1008 1086 1055 1146 inl
1072 1119 1083 1131 ·

97 1171 271 1232 stissimum
296 1171 411 1245 populo
431 1170 570 1229 Romano
592 1168 675 1243 apud
697 1184 765 1228 eum
786 1184 872 1240 esse,
894 1170 947 1245 qui
969 1172 1083 1248 patriae

97 1269 174 1315 suae
190 1255 336 1331 primurn,
354 1253 466 1312 deinde
495 1250 598 1312 tractis
623 1252 691 1313 eius
719 1251 831 1329 opibus
850 1253 1003 1315 Antiocho
1019 1255 1083 1330 regi

95 1346 209 1399 auctor
233 1337 306 1397 hetti
332 1337 483 1397 adversus
509 1333 657 1412 populum
674 1337 846 1396 Romanum
871 1338 995 1409 luisseh
1027 1352 1084 1398 sen

97 1423 173 1499 qnia
193 1421 263 1497 ipse
284 1421 423 1493 Prusias,
448 1427 481 1481 ut
499 1419 719 1496 gratificaretur
741 1421 894 1495 praesenti
913 1420 1083 1480 Flaminino

95 1504 328 1580 Romanisque,
344 1520 400 1580 per
413 1519 448 1563 se
462 1503 593 1564 necandi
618 1510 669 1564 aut
695 1503 836 1563 tradendi
861 1503 928 1564 eius
952 1503 983 1563 in
999 1511 1081 1580 pote-

97 1596 212 1649 statem
227 1588 387 1648 consilium
405 1588 500 1663 cepil;
516 1604 535 1647 a
550 1587 647 1663 primo
662 1586 817 1662 colloquio
831 1586 991 1647 Flaminini
1007 1586 1083 1646 mili-

97 1684 147 1733 tes
163 1673 318 1747 extemplo
339 1672 380 1731 ad
394 1671 518 1732 domum
539 1670 719 1732 Hannibalis
740 1670 974 1731 custodiendam
995 1671 1082 1731 missi

97 1763 179 1817 sunt.
210 1770 334 1830 semper
347 1755 438 1815 talem
453 1755 568 1816 exitum
589 1754 670 1813 vitae
690 1769 766 1813 suae
786 1753 937 1815 Hannibal
951 1770 1083 1831 prospe·

97 1847 188 1900 xerat
201 1839 304 1900 animo
320 1845 351 1898 et
363 1840 571 1901 Romanomm
591 1836 777 1912 inexpiabile
799 1838 903 1900 odium
918 1838 948 1897 in
965 1855 1000 1900 sc
1017 1855 1082 1898 cer·

22 2000 24 2005 ,
98 1934 192 1997 nens,
220 1930 250 1983 et
274 1922 347 1982 tidei
371 1938 476 1998 regum
496 1920 570 1982 nihil
592 1935 669 1981 sane
683 1920 837 1981 conlisus:
865 1921 992 1982 Prusiae
1007 1938 1083 1982 vero

97 2007 255 2067 levitatem
269 2006 359 2066 etiam
374 2012 518 2081 expertus
533 2012 613 2065 erata
640 2003 800 2064 Flaminini
822 2019 947 2080 quoque
968 2006 1081 2065 adven·

99 2096 163 2150 tum
178 2091 265 2151 velut
278 2089 400 2150 letalem
423 2089 482 2150 sibi
502 2089 672 2150 horruerat.
700 2090 740 2149 ad
762 2088 865 2149 omnia
884 2087 1023 2164 undique
1038 2088 1082 2148 in·

100 2173 195 2249 lesta,
214 2180 247 2233 ut
261 2174 318 2233 iter
332 2189 455 2249 semper
471 2173 597 2248 aliquod
613 2180 828 2248 praeparatum
840 2172 930 2247 lagae
947 2170 1082 2247 haberet,

100 2265 220 2333 septem
238 2257 339 2318 exitus
355 2258 479 2317 edoma
496 2258 626 2332 iecerat,
641 2263 673 2316 et
691 2272 730 2317 ex
751 2255 789 2316 iis
811 2256 964 2330 quosdam
979 2258 1082 2316 occul·

98 2346 164 2416 tos,
180 2357 222 2402 ne
237 2340 378 2401 custodia
392 2341 594 2418 saepirentur.
623 2341 679 2401 sed
694 2354 788 2415 grave
803 2338 963 2413 imperium
977 2354 1081 2413 regum

99 2424 173 2486 nihil
188 2425 431 2501 inexploratum,
453 2425 536 2500 quod
560 2423 703 2499 vestigari
723 2423 843 2496 volunt,
859 2421 962 2481 elficit
990 2422 1082 2482 totius

99 2508 258 2570 circuitum
273 2510 383 2569 domus
399 2508 440 2569 ita
455 2506 605 2569 custodiis
619 2507 772 2583 complexi
783 2512 855 2567 sunt
865 2512 899 2565 nt
909 2520 998 2565 nemo
1011 2504 1082 2565 inde

100 2592 178 2653 elabi
196 2601 313 2668 posset.
341 2591 507 2665 Hannibal,
534 2597 698 2667 postquam
718 2597 767 2651 cst
789 2590 957 2650 nuntiatum
972 2589 1081 2649 milites

99 2677 204 2751 regios
219 2676 250 2734 in
264 2675 416 2737 vestibulo
431 2692 518 2749 esse,
541 2674 677 2751 postico,
699 2674 783 2750 quod
804 2673 928 2734 devium
949 2672 1080 2733 maxime

101 2766 193 2835 atque
208 2759 406 2820 occultissimi
421 2760 520 2819 exitus
536 2764 615 2833 erat,
630 2758 736 2833 lugere
751 2764 895 2830 conatus,
909 2764 943 2818 ut
956 2756 989 2818 id
1005 2773 1081 2831 qno·

103 2859 161 2916 que
173 2859 306 2903 occursu
317 2844 441 2903 militum
449 2842 630 2918 obsaeptum
641 2839 740 2901 sensit
750 2847 781 2901 et
792 2842 894 2901 omnia
905 2840 987 2901 circa
998 2842 1079 2901 clau·

101 2940 137 2984 sa
156 2927 305 2987 custodiis
327 2927 487 3002 dispositis
509 2942 594 3000 esse,
616 2941 769 2985 venenum
790 2925 874 2999 quod
895 2925 989 2985 multo
1010 2931 1080 2984 ante

102 3018 316 3086 praeparatum
331 3011 370 3070 ad
390 3012 467 3070 tales
486 3009 620 3070 babebat
640 3025 748 3082 casus,
771 3007 925 3084 poposcit
951 3008 1078 3084 „libere-

102 3099 189 3154 mns“
205 3094 303 3169 inquit
322 3095 486 3169 „diuturna
506 3109 579 3153 cura
595 3095 744 3169 populum
758 3094 937 3166 Romanum,
955 3092 1079 3168 qnando

103 3186 228 3238 mortem
243 3178 327 3239 senis
350 3185 531 3254 exspectare
556 3178 680 3252 longum
702 3183 837 3238 censent.
866 3191 924 3237 nec
938 3192 1079 3252 magnam

103 3274 157 3320 nec
170 3262 398 3323 memorabilem
412 3279 452 3322 ex
466 3262 571 3322 inermi
587 3261 772 3337 proditoque
781 3258 967 3321 Flamininus
981 3260 1078 3320 victo·

104 3342 174 3406 riam
188 3346 275 3407 leret.
303 3362 405 3407 mores
421 3345 543 3421 quidem
558 3347 666 3421 popuii
679 3345 809 3407 Romani
824 3351 968 3420 quantum
983 3349 1079 3403 muta-

104 3430 213 3505 verint,
234 3432 284 3491 vel
304 3430 354 3490 hic
373 3429 440 3490 dies
462 3436 640 3505 argumento
665 3429 730 3490 erit
757 3429 865 3490 horum
887 3433 989 3502 patres
1002 3425 1078 3500 Pyr·

104 3508 156 3572 rho
169 3514 250 3591 regi,
266 3514 347 3576 hosti
366 3520 496 3587 armato,
513 3514 679 3575 exercitum
702 3514 732 3573 in
754 3512 842 3573 ltalia
860 3508 996 3580 habenti,
1012 3513 1076 3570 uta
