2642 4017
223 224 286 288 210
394 226 864 327 tarantasiensis.
877 232 949 286 ut.
962 232 1025 298 aaa]

306 380 330 438 Ι.
350 376 504 455 Principio
519 379 616 454 veris,
639 379 724 455 quod
738 378 869 439 hiemem
883 394 968 454 eam,
987 395 1050 454 qua
1061 377 1139 438 hacc
1152 394 1213 454 ge·

225 472 273 526 sta
293 472 379 537 sunt,
399 466 572 524 insecutum
592 469 655 536 est,
676 463 716 522 eb
735 463 835 524 Roma
848 462 1008 538 proiectus
1022 461 1056 536 Q.
1069 461 1212 523 Marciam

223 548 384 624 Philippus
404 547 515 608 consul
529 562 598 607 aum
613 544 751 622 quinque
762 545 901 619 milihua
928 547 1014 622 quod
1031 546 1063 606 in
1078 547 1210 622 supple·

225 640 360 694 mantum
384 631 538 707 legionum
561 646 668 691 secum
691 629 874 691 hunchune
897 637 976 705 erat,
1007 630 1212 690 Brundisium

226 717 375 793 pervent
401 716 442 775 aa
467 713 617 789 ronanus
641 714 815 775 masuam
840 722 872 774 a
890 713 943 773 mr
963 714 1030 788 part
1050 713 1213 774 nobilitate
1315 698 1316 729 ³

225 801 443 863 adolescentes
471 797 583 859 tribuni
614 795 799 858 mironio
823 796 1041 858 Macedonicas
1066 797 1211 871 legiones
1315 816 1316 845 1

225 885 385 945 consulem
404 881 503 943 secuti
516 887 599 942 sunt
619 896 676 956 per
690 896 748 943 eos
761 881 830 942 dies
843 887 875 941 at
887 880 919 941 C.
934 880 1067 943 Marcius
1079 880 1212 955 Figulus

227 974 358 1041 praetor,
374 964 424 1026 cui
438 965 548 1025 classis
562 962 722 1040 provincie
732 972 887 1039 summat,
899 962 1209 1035 Brundisiumveuita

226 1058 257 1109 et
280 1049 371 1108 simul
394 1065 437 1109 ex
460 1048 546 1108 ltalia
568 1048 699 1122 proiecti
721 1047 886 1127 Coscymn
906 1050 1002 1111 altero
1024 1049 1090 1122 dle,
1116 1048 1212 1109 tertio

225 1132 347 1192 Actium
369 1132 562 1192 Acarnaniae
587 1137 710 1206 portum
733 1138 905 1195 tenuerunt.
936 1131 1008 1192 inda
1031 1132 1143 1193 consul
1165 1131 1209 1192 ad

224 1213 420 1277 Ambraciam
443 1230 592 1290 egressam
616 1214 725 1277 itinere
747 1216 885 1278 ueratri
908 1213 984 1292 petit
1006 1213 1206 1291 Thessaliam,

226 1304 351 1374 praetor
371 1306 518 1375 superato
537 1299 673 1360 Leucata
692 1299 879 1362 corinthium
898 1299 999 1360 sinum
1019 1300 1162 1360 invectus
1177 1306 1209 1360 ct

227 1380 361 1444 Creusae
380 1383 496 1443 relictis
515 1382 646 1444 navibus
666 1389 749 1443 terre
763 1390 794 1445 ct
806 1384 877 1459 lpse
890 1399 948 1460 per
960 1381 1093 1444 mediam
1106 1384 1210 1444 Boco-

226 1465 299 1527 tiam
315 1500 352 1512 -
369 1466 431 1527 diei
443 1465 537 1529 unius
550 1467 695 1543 expedito
710 1466 766 1528 lter
776 1475 824 1529 est
837 1498 875 1512 -ν
891 1464 1066 1528 Chalcidem
1075 1467 1117 1527 ad
1127 1468 1207 1528 clas-

226 1566 293 1611 sem
308 1550 472 1612 contendit.
495 1557 597 1611 castra
610 1565 647 1610 eo
662 1557 803 1626 tempore
816 1552 855 1612 A.
869 1550 1019 1612 Hostilius
1034 1552 1065 1610 in
1074 1550 1208 1611 Thessa·

227 1633 267 1693 lia
287 1633 370 1693 circa
389 1633 659 1709 Palaepharsalum
679 1634 812 1695 habebat
838 1634 918 1696 sicut
937 1634 1022 1694 nulla
1041 1650 1076 1694 re
1096 1634 1209 1694 bellica

227 1716 416 1778 memorabili
435 1724 537 1791 gesta,
557 1716 601 1777 ita
619 1718 659 1778 ad
682 1725 822 1778 cunctam
840 1718 999 1778 militarem
1014 1714 1209 1794 disciplinam

226 1799 265 1861 ab
280 1799 382 1861 effusa
394 1799 517 1861 licentia
531 1801 662 1862 formato
675 1801 783 1875 utilite,
804 1809 836 1862 et
848 1801 942 1862 sociis
959 1817 1028 1863 cum
1041 1801 1104 1862 lide
1118 1801 1209 1861 cultis

227 1891 257 1944 et
278 1883 317 1944 ab
337 1884 419 1943 omni
440 1898 554 1958 genere
573 1881 702 1945 Iniuriae
717 1883 864 1946 delensis.
893 1885 997 1946 audito
1013 1885 1209 1946 successoris

227 1968 362 2028 adventu
382 1983 452 2029 cum
472 1982 558 2028 arma
580 1968 668 2029 v'uos
692 1980 794 2044 eques
817 1982 886 2030 cum
911 1974 985 2028 clue
1009 1968 1209 2045 inspexisset,

228 2061 335 2114 ornato
350 2052 488 2113 exercitu
502 2051 624 2113 obviam
637 2050 774 2112 venienti
790 2050 910 2112 consuli
923 2053 1087 2127 processit
1102 2060 1132 2113 et
1146 2050 1208 2127 pri-

226 2152 295 2197 mus
316 2152 423 2197 eorum
443 2151 630 2211 congressus
651 2148 691 2195 ex
710 2134 856 2212 dignitate
868 2136 1008 2212 ipsorum
1028 2152 1065 2197 ac
1078 2134 1208 2198 Romani

227 2218 377 2294 nominis,
397 2228 428 2281 et
450 2221 480 2281 in
494 2219 588 2281 rebus
604 2219 716 2280 deinde
730 2220 875 2294 gerendis
889 2216 924 2259 **
938 2222 1108 2295 proconsul
1128 2219 1208 2280 euim

227 2303 268 2364 ad
294 2304 463 2366 exercitum
481 2300 517 2342 **
537 2304 645 2380 paucis
671 2312 745 2380 post
765 2303 874 2365 debus
900 2306 1009 2365 conarri
1035 2303 1207 2366 samiam

227 2386 312 2465 apud
328 2388 438 2449 milites
457 2386 572 2448 habuc
593 2404 686 2448 orsus
698 2404 717 2448 a
731 2386 895 2463 parricidio
907 2386 1012 2448 Persei
1026 2393 1203 2464 perpetrato
1312 2448 1313 2451 ,

225 2472 258 2532 in
272 2474 403 2545 tratrem
418 2470 551 2545 cogitata
565 2469 597 2530 in
611 2477 778 2545 parentem
793 2471 905 2532 ediscit
916 2478 989 2547 post
1001 2473 1204 2546 scelerepar·

226 2561 291 2615 turn
304 2568 431 2629 regnum
446 2551 605 2632 veneficia,
621 2553 744 2629 caedes,
759 2555 920 2616 latrocinio
934 2554 1068 2618 aeliando
1082 2555 1208 2632 petitum
1312 2552 1313 2619 3

225 2637 394 2711 Eumenen,
409 2633 535 2695 inlurlas
549 2630 580 2694 in
595 2636 745 2712 populum
754 2638 935 2714 Romanum,
952 2636 1141 2716 direptiones
1156 2655 1207 2700 so·
1312 2636 1313 2719 l

227 2720 342 2780 clarum
355 2716 478 2779 rublum
491 2726 600 2780 contra
612 2720 733 2795 foedus
749 2736 788 2783 ea
797 2722 901 2783 omnia
910 2740 1002 2799 quam
1012 2724 1075 2785 diis
1084 2738 1208 2799 otioque

228 2801 328 2863 invisa
347 2811 468 2878 essent,
489 2819 653 2865 sensurrnu
672 2804 702 2865 in
723 2805 810 2868 snitu
827 2820 930 2867 reum
944 2824 1088 2868 suarumr
1105 2808 1208 2867 lavere
1313 2798 1314 2849 1

226 2887 307 2946 enim
326 2886 432 2962 pietati
454 2887 590 2964 fideique
610 2889 703 2964 deos,
729 2903 787 2964 per
807 2904 888 2965 quae
900 2893 1037 2967 populus
1049 2893 1207 2952 Romanus
1314 2962 1315 2967 ἵ

226 2970 267 3030 ad
288 2978 404 3032 tantum
426 2972 539 3047 lastigii
560 2972 687 3036 venerit.
716 2974 801 3034 vires
814 2970 927 3034 deinde
941 2973 1049 3050 populi
1067 2970 1206 3049 Romani,

226 3053 286 3114 iarn
300 3059 449 3116 terrarum
464 3054 569 3116 orbem
585 3054 825 3133 complectentis,
848 3072 919 3118 curu
930 3054 1048 3119 viribus
1063 3054 1207 3119 Macedo·

226 3136 311 3212 niae,
332 3138 487 3199 exercitus
502 3155 571 3201 cum
585 3138 772 3201 exercitibus
788 3142 992 3217 compararim
1015 3148 1132 3217 quanto
1145 3155 1207 3201 ma·

225 3219 309 3283 iores
333 3218 467 3297 Philippi
491 3223 698 3300 Antiochique
723 3240 802 3300 opes
826 3241 889 3286 non
913 3226 1083 3286 maioribus
1107 3224 1208 3300 copiis
1315 3270 1316 3275 η

226 3307 340 3367 tractas
352 3311 447 3366 esset
467 3307 503 3364 li.
525 3306 617 3367 huius
631 3306 757 3381 generis
771 3307 983 3370 adhortatione
997 3307 1141 3369 accensis
1153 3308 1208 3368 mi-

226 3391 310 3451 litum
330 3390 456 3463 unleds,
478 3389 653 3450 consultare
674 3390 714 3449 de
728 3404 848 3451 summa
867 3388 1080 3467 gerendibelli
1095 3392 1205 3466 coepit.

226 3486 265 3533 eo
286 3480 318 3534 et
332 3471 363 3533 C.
377 3471 511 3533 Marcius
525 3480 649 3548 praetor
664 3489 683 3531 a
697 3469 841 3534 Chalcide
855 3477 956 3535 classe
971 3482 1100 3548 accepta
1113 3474 1207 3537 veuit.
