2642 4017
181 268 297 329 LIBER
310 269 399 329 xiil.
420 269 502 330 GAP.
514 278 559 333 29.
572 278 617 332 30.
632 272 670 350 [a.
680 276 715 331 U.
727 294 752 335 c.
764 280 825 335 581.
836 295 860 331 a.
874 279 907 332 C.
920 278 982 352 171]
1026 274 1088 339 153

189 420 294 481 XXIX.
316 420 348 479 Ρ.
365 419 481 481 Licinio
494 421 525 481 c.
539 421 646 484 cassio
661 424 841 486 consulibus
856 442 918 486 non
932 428 1007 490 urbs
1021 437 1086 490 tan·

105 514 169 568 tum
183 504 281 566 Roma
296 519 354 563 nec
368 504 558 578 terminalia,
573 506 629 566 sed
645 522 754 568 omnes
768 523 860 583 reges
874 509 1084 587 civitatesque,

106 604 188 666 quae
202 587 233 647 in
246 587 372 662 Europa
386 602 528 663 quaeque
542 588 573 648 in
587 589 665 650 Asia
678 596 778 665 erant,
794 599 1008 654 converterant
1021 597 1085 655 mri-

104 689 174 734 mos
189 671 220 730 in
235 686 338 732 curam
348 669 540 731 Macedonici
554 687 592 731 ac
602 673 731 734 Romani
742 672 823 735 belli.
843 675 1002 736 Eumenen
1015 694 1084 741 cum

105 763 195 816 vetus
211 754 315 815 odium
328 753 515 830 stimulabat,
530 760 593 815 tum
606 771 715 817 recens
730 756 790 831 ira,
806 759 890 834 quod
905 761 1024 821 scelere
1037 778 1083 822 re-

105 841 155 916 gia
170 853 269 914 prope
281 842 315 898 ut
328 836 450 897 victima
469 843 617 899 mactatus
631 838 759 915 Delphis
773 848 866 901 esset.
893 841 1019 904 Prusias
1032 844 1082 905 Bi·

108 923 234 1001 thyniae
247 935 304 981 rex
317 926 465 982 statuerat
478 920 631 981 abstinere
645 923 738 984 amnis
753 931 957 1002 eventumque
971 942 1084 1004 exspe-

104 1015 204 1067 ctarez
226 1019 296 1064 nam
316 1019 418 1079 neque
436 1005 593 1065 Romanos
615 1022 713 1082 posse
733 1006 866 1082 aequum
889 1024 1017 1071 censere
1030 1012 1083 1072 ad·

103 1105 216 1150 versus
228 1089 352 1148 tratrem
361 1088 468 1148 uxoris
479 1090 661 1164 ermeleno,
677 1096 709 1150 et
716 1090 801 1166 apud
810 1090 924 1152 Persea
934 1092 1081 1155 victorem

102 1171 226 1233 veniam
246 1186 304 1247 per
323 1186 462 1232 sororem
475 1171 694 1248 impetrabilem
708 1175 783 1234 iore.
811 1175 987 1237 Ariarathes
1004 1178 1079 1253 cap

103 1256 260 1332 pedocum
280 1270 351 1330 rex,
372 1261 585 1330 praeterquam
607 1256 691 1332 quod
710 1257 858 1319 Romanis
879 1274 936 1321 suo
959 1260 1081 1323 nomine

102 1339 218 1400 auxilia
237 1337 390 1414 pollicitus
405 1347 483 1413 erat,
504 1354 544 1399 cx
557 1356 621 1415 quo
636 1347 685 1400 est
698 1340 819 1402 iunctus
831 1340 958 1402 Eumeni
973 1343 1082 1403 adlini-
1196 1415 1199 1420 ,

102 1429 181 1496 tate,
202 1421 233 1483 in
254 1421 357 1483 omnia
376 1421 447 1483 belli
467 1421 617 1499 pacisque
639 1439 675 1484 se
694 1424 928 1485 consociaverat
941 1425 1080 1486 consilia.

101 1505 273 1567 Antiochus
288 1504 462 1567 imminebat
475 1506 599 1581 quidem
614 1507 747 1585 Aegypti
758 1523 865 1583 regno,
881 1515 911 1568 et
922 1508 1080 1583 pueritiam

102 1589 186 1663 regis
211 1596 242 1651 et
265 1588 403 1649 inertiam
428 1595 560 1651 tutorum
586 1605 754 1664 spernens;
786 1598 816 1651 et
835 1589 1018 1666 ambigendo
1040 1592 1080 1653 de

104 1673 196 1734 Coele
217 1671 308 1751 Syria
327 1686 452 1732 causam
472 1671 544 1733 belli
564 1687 600 1732 sc
613 1671 787 1735 habiturum
801 1673 1007 1751 existimabat,
1027 1690 1078 1751 ge·

105 1763 286 1832 sturumque
305 1755 373 1816 sine
392 1757 455 1816 ullo
476 1755 692 1830 impedimento
714 1756 872 1832 occupatis
884 1758 1033 1820 Romanis
1048 1760 1077 1819 in

101 1839 304 1900 Macedonico
324 1839 405 1900 bello
426 1839 459 1900 id
479 1838 607 1899 bellumc
634 1846 734 1900 tamen
755 1840 858 1901 omnia
877 1849 908 1902 et
928 1858 983 1918 per
1002 1859 1078 1903 suos

105 1925 223 1997 legatos
238 1920 358 1984 senatui
371 1928 403 1982 et
415 1923 484 1998 ipse
497 1921 605 1996 legatis
621 1938 726 1984 eorum
738 1925 829 1985 enixe
839 1923 992 1998 pollicitus
1004 1934 1078 1986 erat.

102 1992 295 2067 ptolemaeus
310 2012 437 2081 propter
449 2011 577 2067 aetatem
592 2005 684 2067 alieni
698 2007 789 2069 etiam
800 2016 864 2068 tum
874 2007 988 2068 arbitrii
1000 2015 1080 2068 erat:

101 2097 221 2150 tutores
235 2096 265 2150 et
277 2090 390 2150 bellum
404 2090 555 2151 adversus
569 2090 754 2152 Antiochum
769 2088 926 2166 parabant,
942 2106 1003 2165 quo
1014 2091 1079 2151 virr-

102 2172 240 2233 dicarent
253 2173 365 2235 coelen
380 2172 517 2251 Syriam,
538 2179 569 2233 et
581 2174 728 2236 Romanis
744 2175 845 2235 omnia
859 2173 1080 2249 pollicebantur

100 2256 144 2316 ad
164 2255 396 2318 Macedonicum
416 2257 539 2316 bellum.
566 2256 732 2318 Masinissa
747 2263 778 2317 et
791 2259 941 2318 frumento
955 2257 1080 2318 iuvabat

101 2339 269 2415 Romanos,
290 2348 321 2401 et
333 2339 445 2401 auxilia
460 2357 529 2401 cum
543 2340 715 2416 elephantis
726 2341 969 2416 Misagenenque
985 2341 1079 2401 lilium

101 2423 221 2483 mittere
234 2424 275 2483 ad
289 2424 402 2484 bellum
417 2424 554 2499 parabat
577 2423 707 2486 consilia
720 2431 822 2486 autem
835 2424 866 2484 in
882 2440 1003 2485 omnem
1017 2424 1079 2484 ior·

101 2514 205 2566 tunam
224 2506 267 2567 ita
286 2507 438 2584 disposita
456 2507 602 2568 habebatz
623 2507 649 2568 si
670 2524 767 2584 penes
781 2508 937 2569 Romanos
952 2507 1080 2569 victoria

101 2597 201 2663 esset,
228 2606 302 2651 suae
323 2606 447 2666 quoquo
467 2591 498 2650 in
518 2591 629 2651 eodem
648 2598 728 2652 statu
749 2607 910 2671 mansuras
930 2607 982 2652 res
997 2606 1078 2666 esse,

95 2688 203 2748 neque
224 2675 303 2735 ultra
323 2674 487 2750 quicquam
507 2676 709 2743 movendum
738 2692 800 2736 non
822 2674 902 2737 enim
927 2691 1078 2752 passuros

99 2756 258 2831 Romanos
271 2757 334 2817 vim
347 2755 647 2832 carthaginiensibus
660 2759 789 2819 adferri:
807 2758 834 2819 si
849 2761 963 2820 iractae
974 2765 1080 2820 essent

101 2855 179 2915 opes
191 2840 408 2914 Romanorum,
423 2849 581 2916 quactum
596 2847 792 2916 protegerent
802 2841 1077 2916 Carthaginienses,
1122 2860 1127 2867 ·

101 2939 190 2983 suam
210 2938 330 2985 omnem
344 2923 480 2984 Airicam
494 2924 570 2984 lore.
600 2922 725 2984 Gentius
740 2939 796 2984 rex
810 2925 981 3003 lllyriorum
997 2926 1078 2985 fece

98 3012 148 3066 rat
161 3007 274 3081 potius,
296 3023 352 3068 cur
366 3014 531 3082 suspectus
546 3015 631 3068 esset
643 3007 799 3081 Romanis,
822 3023 913 3083 quam
927 3009 1002 3068 satis
1017 3015 1078 3069 sta·

101 3095 207 3164 tuerat,
222 3098 321 3151 utram
331 3091 450 3151 loveret
461 3097 586 3166 partem,
601 3090 780 3166 impetuque
792 3091 889 3166 magis
901 3106 994 3166 quam
1003 3108 1078 3153 con·

99 3170 170 3233 silio
188 3171 238 3233 his
253 3180 306 3235 aut
318 3173 378 3235 illis
399 3188 436 3233 se
449 3174 649 3235 adiuncturus
664 3173 833 3234 videbatur.
858 3174 954 3253 cotys
967 3174 1079 3249 Tbrax,

101 3253 293 3334 Odrysarum
307 3272 373 3330 rex,
389 3255 450 3316 iam
462 3255 667 3319 Macedonum
683 3256 777 3331 partis
791 3264 866 3318 erat.

182 3338 273 3399 XXX
292 3340 378 3401 Haec
391 3340 542 3402 sententia
555 3340 681 3415 regibus
698 3356 767 3401 cum
782 3347 866 3401 essct
880 3340 1025 3412 debello,
1045 3339 1077 3398 in

97 3420 205 3482 liberis
220 3423 362 3497 gentibue
376 3423 566 3499 populisque
579 3423 668 3499 plebs
681 3424 797 3498 ubique
812 3421 912 3485 omnis
927 3422 1031 3494 lerme,
1044 3428 1079 3482 ut

99 3505 193 3579 solet,
213 3504 375 3567 deterioris
395 3513 461 3567 erat
479 3507 520 3567 ad
538 3522 643 3581 regem
655 3503 907 3582 Macedonasque
921 3503 1077 3563 inclinata:
