<?xml version="1.0" encoding="UTF-8"?>
<!DOCTYPE html PUBLIC "-//W3C//DTD XHTML 1.0 Transitional//EN"
    "http://www.w3.org/TR/xhtml1/DTD/xhtml1-transitional.dtd">
<html xmlns="http://www.w3.org/1999/xhtml" xml:lang="en" lang="en">
 <head>
  <title>
</title>
<meta http-equiv="Content-Type" content="text/html;charset=utf-8" />
  <meta name='ocr-system' content='tesseract 3.04.00' />
  <meta name='ocr-capabilities' content='ocr_page ocr_carea ocr_par ocr_line ocrx_word'/>
</head>
<body>
  <div class='ocr_page' id='page_1' title='image "./aburbeconditali01mlgoog_0247.png"; bbox 0 0 2642 4017; ppageno 0'>
   <div class='ocr_carea' id='block_1_1' title="bbox 316 263 1088 338">
    <p class='ocr_par' dir='ltr' id='par_1_1' title="bbox 316 263 1088 338">
     <span class='ocr_line' id='line_1_1' title="bbox 316 263 1088 338; baseline 0.006 -15"><span class='ocrx_word' id='word_1_1' title='bbox 316 264 433 325; x_wconf 79' lang='lat' dir='ltr'><strong>LlBElt</strong></span> <span class='ocrx_word' id='word_1_2' title='bbox 447 264 549 325; x_wconf 77' lang='lat' dir='ltr'><strong>xllll.</strong></span> <span class='ocrx_word' id='word_1_3' title='bbox 573 265 656 324; x_wconf 79' lang='lat' dir='ltr'><strong>GAP.</strong></span> <span class='ocrx_word' id='word_1_4' title='bbox 672 273 715 327; x_wconf 77' lang='lat' dir='ltr'><strong>aa.</strong></span> <span class='ocrx_word' id='word_1_5' title='bbox 736 271 772 338; x_wconf 73' lang='lat' dir='ltr'><strong>[a.</strong></span> <span class='ocrx_word' id='word_1_6' title='bbox 785 271 817 325; x_wconf 89' lang='lat' dir='ltr'><strong>c.</strong></span> <span class='ocrx_word' id='word_1_7' title='bbox 831 272 892 338; x_wconf 79' lang='lat' dir='ltr'><strong>rso]</strong></span> <span class='ocrx_word' id='word_1_8' title='bbox 1026 263 1088 327; x_wconf 75' lang='lat'><strong>209</strong></span> 
     </span>
    </p>
   </div>
   <div class='ocr_carea' id='block_1_2' title="bbox 103 413 1089 1578">
    <p class='ocr_par' dir='ltr' id='par_1_2' title="bbox 103 413 1089 1578">
     <span class='ocr_line' id='line_1_2' title="bbox 107 413 1087 489; baseline 0 -12"><span class='ocrx_word' id='word_1_9' title='bbox 107 417 207 478; x_wconf 88' lang='lat' dir='ltr'><strong>stibus</strong></span> <span class='ocrx_word' id='word_1_10' title='bbox 229 413 441 489; x_wconf 80' lang='lat' dir='ltr'><strong>praecipitant.</strong></span> <span class='ocrx_word' id='word_1_11' title='bbox 469 413 541 474; x_wconf 92' lang='lat' dir='ltr'><strong>inde</strong></span> <span class='ocrx_word' id='word_1_12' title='bbox 554 414 635 473; x_wconf 91' lang='lat' dir='ltr'><strong>mille</strong></span> <span class='ocrx_word' id='word_1_13' title='bbox 651 415 773 489; x_wconf 87' lang='lat' dir='ltr'><strong>oeeisis,</strong></span> <span class='ocrx_word' id='word_1_14' title='bbox 795 423 914 476; x_wconf 89' lang='lat' dir='ltr'><strong>eentum</strong></span> <span class='ocrx_word' id='word_1_15' title='bbox 930 417 1024 477; x_wconf 87' lang='lat' dir='ltr'><strong>ierme</strong></span> <span class='ocrx_word' id='word_1_16' title='bbox 1038 433 1087 477; x_wconf 87' lang='lat' dir='ltr'><strong>ea·</strong></span> 
     </span>
     <span class='ocr_line' id='line_1_3' title="bbox 107 497 1087 576; baseline -0.001 -17"><span class='ocrx_word' id='word_1_17' title='bbox 107 501 185 576; x_wconf 92' lang='lat' dir='ltr'><strong>ptis,</strong></span> <span class='ocrx_word' id='word_1_18' title='bbox 211 504 242 558; x_wconf 91' lang='lat' dir='ltr'><strong>et</strong></span> <span class='ocrx_word' id='word_1_19' title='bbox 264 497 380 572; x_wconf 88' lang='lat' dir='ltr'><strong>ubique</strong></span> <span class='ocrx_word' id='word_1_20' title='bbox 404 512 555 573; x_wconf 79' lang='lat' dir='ltr'><strong>prospere</strong></span> <span class='ocrx_word' id='word_1_21' title='bbox 581 506 670 573; x_wconf 85' lang='lat' dir='ltr'><strong>gesta</strong></span> <span class='ocrx_word' id='word_1_22' title='bbox 690 514 724 558; x_wconf 90' lang='lat' dir='ltr'><strong>re</strong></span> <span class='ocrx_word' id='word_1_23' title='bbox 745 512 843 574; x_wconf 88' lang='lat' dir='ltr'><strong>prope</strong></span> <span class='ocrx_word' id='word_1_24' title='bbox 864 499 975 560; x_wconf 87' lang='lat' dir='ltr'><strong>stativa</strong></span> <span class='ocrx_word' id='word_1_25' title='bbox 995 500 1087 575; x_wconf 83' lang='lat' dir='ltr'><strong>Appii</strong></span> 
     </span>
     <span class='ocr_line' id='line_1_4' title="bbox 107 580 1088 657; baseline 0 -13"><span class='ocrx_word' id='word_1_26' title='bbox 107 591 210 644; x_wconf 82' lang='lat' dir='ltr'><strong>eastra</strong></span> <span class='ocrx_word' id='word_1_27' title='bbox 224 587 357 656; x_wconf 85' lang='lat' dir='ltr'><strong>movent,</strong></span> <span class='ocrx_word' id='word_1_28' title='bbox 372 595 412 640; x_wconf 93' lang='lat' dir='ltr'><strong>ne</strong></span> <span class='ocrx_word' id='word_1_29' title='bbox 427 582 551 657; x_wconf 88' lang='lat' dir='ltr'><strong>quavis</strong></span> <span class='ocrx_word' id='word_1_30' title='bbox 566 582 660 643; x_wconf 89' lang='lat' dir='ltr'><strong>soeiis</strong></span> <span class='ocrx_word' id='word_1_31' title='bbox 672 580 740 642; x_wconf 89' lang='lat' dir='ltr'><strong>suis</strong></span> <span class='ocrx_word' id='word_1_32' title='bbox 751 582 790 642; x_wconf 91' lang='lat' dir='ltr'><strong>ab</strong></span> <span class='ocrx_word' id='word_1_33' title='bbox 801 582 939 643; x_wconf 87' lang='lat' dir='ltr'><strong>Romano</strong></span> <span class='ocrx_word' id='word_1_34' title='bbox 952 582 1088 645; x_wconf 82' lang='lat' dir='ltr'><strong>exercitu</strong></span> 
     </span>
     <span class='ocr_line' id='line_1_5' title="bbox 106 664 1073 741; baseline -0.001 -13"><span class='ocrx_word' id='word_1_35' title='bbox 106 667 212 728; x_wconf 88' lang='lat' dir='ltr'><strong>iniemi</strong></span> <span class='ocrx_word' id='word_1_36' title='bbox 226 665 336 741; x_wconf 85' lang='lat' dir='ltr'><strong>possit.</strong></span> <span class='ocrx_word' id='word_1_37' title='bbox 359 664 481 740; x_wconf 80' lang='lat' dir='ltr'><strong>Appius</strong></span> <span class='ocrx_word' id='word_1_38' title='bbox 497 666 682 741; x_wconf 88' lang='lat' dir='ltr'><strong>nequiquam</strong></span> <span class='ocrx_word' id='word_1_39' title='bbox 688 666 727 725; x_wconf 83' lang='lat' dir='ltr'><strong>in</strong></span> <span class='ocrx_word' id='word_1_40' title='bbox 740 664 789 725; x_wconf 89' lang='lat' dir='ltr'><strong>his</strong></span> <span class='ocrx_word' id='word_1_41' title='bbox 804 666 882 727; x_wconf 86' lang='lat' dir='ltr'><strong>loois</strong></span> <span class='ocrx_word' id='word_1_42' title='bbox 895 672 999 727; x_wconf 88' lang='lat' dir='ltr'><strong>terens</strong></span> <span class='ocrx_word' id='word_1_43' title='bbox 1013 674 1073 727; x_wconf 88' lang='lat' dir='ltr'><strong>tem</strong></span> 
     </span>
     <span class='ocr_line' id='line_1_6' title="bbox 107 746 1089 827; baseline 0.002 -18"><span class='ocrx_word' id='word_1_44' title='bbox 107 767 183 827; x_wconf 92' lang='lat' dir='ltr'><strong>pus,</strong></span> <span class='ocrx_word' id='word_1_45' title='bbox 207 746 343 808; x_wconf 86' lang='lat' dir='ltr'><strong>dimissis</strong></span> <span class='ocrx_word' id='word_1_46' title='bbox 364 747 583 824; x_wconf 78' lang='lat' dir='ltr'>Chaonumque</span> <span class='ocrx_word' id='word_1_47' title='bbox 603 756 634 809; x_wconf 89' lang='lat' dir='ltr'><strong>et</strong></span> <span class='ocrx_word' id='word_1_48' title='bbox 654 750 681 810; x_wconf 94' lang='lat' dir='ltr'><strong>si</strong></span> <span class='ocrx_word' id='word_1_49' title='bbox 702 749 753 825; x_wconf 89' lang='lat' dir='ltr'><strong>qui</strong></span> <span class='ocrx_word' id='word_1_50' title='bbox 774 748 825 809; x_wconf 85' lang='lat' dir='ltr'><strong>alii</strong></span> <span class='ocrx_word' id='word_1_51' title='bbox 844 750 989 825; x_wconf 79' lang='lat' dir='ltr'><strong>Epirotae</strong></span> <span class='ocrx_word' id='word_1_52' title='bbox 1003 759 1089 812; x_wconf 87' lang='lat' dir='ltr'><strong>erant</strong></span> 
     </span>
     <span class='ocr_line' id='line_1_7' title="bbox 107 830 1087 911; baseline 0 -17"><span class='ocrx_word' id='word_1_53' title='bbox 107 831 273 911; x_wconf 88' lang='lat' dir='ltr'><strong>praesidiis</strong></span> <span class='ocrx_word' id='word_1_54' title='bbox 294 847 363 891; x_wconf 89' lang='lat' dir='ltr'><strong>eum</strong></span> <span class='ocrx_word' id='word_1_55' title='bbox 383 830 496 893; x_wconf 86' lang='lat' dir='ltr'><strong>ltaliois</strong></span> <span class='ocrx_word' id='word_1_56' title='bbox 521 830 666 893; x_wconf 84' lang='lat' dir='ltr'><strong>militibus</strong></span> <span class='ocrx_word' id='word_1_57' title='bbox 688 834 717 893; x_wconf 93' lang='lat' dir='ltr'><strong>in</strong></span> <span class='ocrx_word' id='word_1_58' title='bbox 740 833 893 910; x_wconf 80' lang='lat' dir='ltr'><strong>illyricum</strong></span> <span class='ocrx_word' id='word_1_59' title='bbox 914 849 1087 911; x_wconf 68' lang='lat' dir='ltr'><strong>regressus,</strong></span> 
     </span>
     <span class='ocr_line' id='line_1_8' title="bbox 106 915 1087 993; baseline 0.001 -15"><span class='ocrx_word' id='word_1_60' title='bbox 106 934 163 993; x_wconf 93' lang='lat' dir='ltr'><strong>per</strong></span> <span class='ocrx_word' id='word_1_61' title='bbox 176 915 387 977; x_wconf 78' lang='lat' dir='ltr'><strong>Parthinorum</strong></span> <span class='ocrx_word' id='word_1_62' title='bbox 401 916 503 977; x_wconf 81' lang='lat' dir='ltr'><strong>sosias</strong></span> <span class='ocrx_word' id='word_1_63' title='bbox 517 917 611 977; x_wconf 91' lang='lat' dir='ltr'><strong>urbes</strong></span> <span class='ocrx_word' id='word_1_64' title='bbox 632 918 663 976; x_wconf 90' lang='lat' dir='ltr'><strong>in</strong></span> <span class='ocrx_word' id='word_1_65' title='bbox 684 917 812 978; x_wconf 88' lang='lat' dir='ltr'><strong>hiberna</strong></span> <span class='ocrx_word' id='word_1_66' title='bbox 825 916 969 979; x_wconf 86' lang='lat' dir='ltr'><strong>militibus</strong></span> <span class='ocrx_word' id='word_1_67' title='bbox 984 918 1087 979; x_wconf 69' lang='lat' dir='ltr'><strong>dimu-</strong></span> 
     </span>
     <span class='ocr_line' id='line_1_9' title="bbox 107 999 1088 1076; baseline 0.001 -15"><span class='ocrx_word' id='word_1_68' title='bbox 107 1002 161 1076; x_wconf 89' lang='lat' dir='ltr'><strong>sis‚</strong></span> <span class='ocrx_word' id='word_1_69' title='bbox 177 1002 246 1075; x_wconf 89' lang='lat' dir='ltr'><strong>ipse</strong></span> <span class='ocrx_word' id='word_1_70' title='bbox 260 1000 387 1060; x_wconf 84' lang='lat' dir='ltr'><strong>Romam</strong></span> <span class='ocrx_word' id='word_1_71' title='bbox 402 999 544 1061; x_wconf 85' lang='lat' dir='ltr'><strong>saorilioii</strong></span> <span class='ocrx_word' id='word_1_72' title='bbox 560 1015 655 1060; x_wconf 87' lang='lat' dir='ltr'><strong>eausa</strong></span> <span class='ocrx_word' id='word_1_73' title='bbox 669 1001 766 1062; x_wconf 88' lang='lat' dir='ltr'><strong>rediit.</strong></span> <span class='ocrx_word' id='word_1_74' title='bbox 789 999 922 1062; x_wconf 87' lang='lat' dir='ltr'><strong>Perseus</strong></span> <span class='ocrx_word' id='word_1_75' title='bbox 938 1018 977 1062; x_wconf 88' lang='lat' dir='ltr'><strong>ex</strong></span> <span class='ocrx_word' id='word_1_76' title='bbox 991 1001 1088 1062; x_wconf 86' lang='lat' dir='ltr'><strong>Pene-</strong></span> 
     </span>
     <span class='ocr_line' id='line_1_10' title="bbox 107 1083 1086 1160; baseline 0.002 -15"><span class='ocrx_word' id='word_1_77' title='bbox 107 1091 223 1145; x_wconf 85' lang='lat' dir='ltr'><strong>starum</strong></span> <span class='ocrx_word' id='word_1_78' title='bbox 244 1089 334 1158; x_wconf 78' lang='lat' dir='ltr'><strong>gente</strong></span> <span class='ocrx_word' id='word_1_79' title='bbox 355 1083 436 1143; x_wconf 91' lang='lat' dir='ltr'><strong>mille</strong></span> <span class='ocrx_word' id='word_1_80' title='bbox 458 1084 577 1159; x_wconf 87' lang='lat' dir='ltr'><strong>pedites</strong></span> <span class='ocrx_word' id='word_1_81' title='bbox 603 1084 753 1146; x_wconf 78' lang='lat' dir='ltr'><strong>ducentos</strong></span> <span class='ocrx_word' id='word_1_82' title='bbox 779 1085 900 1160; x_wconf 85' lang='lat' dir='ltr'><strong>equites</strong></span> <span class='ocrx_word' id='word_1_83' title='bbox 924 1094 1086 1147; x_wconf 77' lang='lat' dir='ltr'><strong>revocatos</strong></span> 
     </span>
     <span class='ocr_line' id='line_1_11' title="bbox 107 1166 1087 1243; baseline 0.001 -15"><span class='ocrx_word' id='word_1_84' title='bbox 107 1167 340 1242; x_wconf 86' lang='lat' dir='ltr'><strong>cassandream,</strong></span> <span class='ocrx_word' id='word_1_85' title='bbox 354 1167 510 1242; x_wconf 86' lang='lat' dir='ltr'><strong>praesidio</strong></span> <span class='ocrx_word' id='word_1_86' title='bbox 525 1176 559 1228; x_wconf 90' lang='lat' dir='ltr'><strong>ut</strong></span> <span class='ocrx_word' id='word_1_87' title='bbox 569 1175 683 1243; x_wconf 86' lang='lat' dir='ltr'><strong>essent,</strong></span> <span class='ocrx_word' id='word_1_88' title='bbox 698 1166 789 1229; x_wconf 88' lang='lat' dir='ltr'><strong>misit.</strong></span> <span class='ocrx_word' id='word_1_89' title='bbox 805 1169 844 1228; x_wconf 90' lang='lat' dir='ltr'><strong>ob</strong></span> <span class='ocrx_word' id='word_1_90' title='bbox 858 1170 966 1231; x_wconf 85' lang='lat' dir='ltr'><strong>Gentio</strong></span> <span class='ocrx_word' id='word_1_91' title='bbox 978 1168 1087 1230; x_wconf 87' lang='lat' dir='ltr'><strong>eadem</strong></span> 
     </span>
     <span class='ocr_line' id='line_1_12' title="bbox 106 1249 1086 1328; baseline 0 -15"><span class='ocrx_word' id='word_1_92' title='bbox 106 1252 280 1313; x_wconf 82' lang='lat' dir='ltr'><strong>adferentes</strong></span> <span class='ocrx_word' id='word_1_93' title='bbox 291 1249 456 1312; x_wconf 87' lang='lat' dir='ltr'><strong>rediemnt.</strong></span> <span class='ocrx_word' id='word_1_94' title='bbox 468 1266 526 1311; x_wconf 90' lang='lat' dir='ltr'><strong>neo</strong></span> <span class='ocrx_word' id='word_1_95' title='bbox 536 1251 649 1312; x_wconf 87' lang='lat' dir='ltr'><strong>deinde</strong></span> <span class='ocrx_word' id='word_1_96' title='bbox 658 1253 738 1313; x_wconf 85' lang='lat' dir='ltr'><strong>alios</strong></span> <span class='ocrx_word' id='word_1_97' title='bbox 749 1258 843 1328; x_wconf 86' lang='lat' dir='ltr'><strong>atque</strong></span> <span class='ocrx_word' id='word_1_98' title='bbox 854 1252 932 1314; x_wconf 88' lang='lat' dir='ltr'><strong>alios</strong></span> <span class='ocrx_word' id='word_1_99' title='bbox 940 1253 1086 1314; x_wconf 87' lang='lat' dir='ltr'><strong>mittendo</strong></span> 
     </span>
     <span class='ocr_line' id='line_1_13' title="bbox 105 1334 1086 1411; baseline -0.001 -16"><span class='ocrx_word' id='word_1_100' title='bbox 105 1342 255 1410; x_wconf 87' lang='lat' dir='ltr'><strong>temptare</strong></span> <span class='ocrx_word' id='word_1_101' title='bbox 270 1350 341 1396; x_wconf 91' lang='lat' dir='ltr'><strong>eum</strong></span> <span class='ocrx_word' id='word_1_102' title='bbox 354 1334 476 1407; x_wconf 77' lang='lat' dir='ltr'><strong>destitit</strong></span> <span class='ocrx_word' id='word_1_103' title='bbox 492 1351 563 1396; x_wconf 88' lang='lat' dir='ltr'><strong>eum</strong></span> <span class='ocrx_word' id='word_1_104' title='bbox 574 1344 739 1411; x_wconf 79' lang='lat' dir='ltr'><strong>appareret</strong></span> <span class='ocrx_word' id='word_1_105' title='bbox 750 1343 896 1411; x_wconf 88' lang='lat' dir='ltr'><strong>quantum</strong></span> <span class='ocrx_word' id='word_1_106' title='bbox 907 1336 937 1396; x_wconf 94' lang='lat' dir='ltr'><strong>in</strong></span> <span class='ocrx_word' id='word_1_107' title='bbox 949 1352 987 1396; x_wconf 93' lang='lat' dir='ltr'><strong>eo</strong></span> <span class='ocrx_word' id='word_1_108' title='bbox 998 1351 1086 1411; x_wconf 88' lang='lat' dir='ltr'><strong>prae·</strong></span> 
     </span>
     <span class='ocr_line' id='line_1_14' title="bbox 105 1418 1085 1494; baseline 0 -15"><span class='ocrx_word' id='word_1_109' title='bbox 105 1418 177 1479; x_wconf 90' lang='lat' dir='ltr'><strong>sidii</strong></span> <span class='ocrx_word' id='word_1_110' title='bbox 191 1428 289 1492; x_wconf 86' lang='lat' dir='ltr'><strong>esset,</strong></span> <span class='ocrx_word' id='word_1_111' title='bbox 310 1433 367 1478; x_wconf 90' lang='lat' dir='ltr'><strong>neo</strong></span> <span class='ocrx_word' id='word_1_112' title='bbox 380 1424 482 1478; x_wconf 88' lang='lat' dir='ltr'><strong>tamen</strong></span> <span class='ocrx_word' id='word_1_113' title='bbox 496 1419 659 1494; x_wconf 84' lang='lat' dir='ltr'><strong>impetrare</strong></span> <span class='ocrx_word' id='word_1_114' title='bbox 673 1420 712 1480; x_wconf 89' lang='lat' dir='ltr'><strong>ab</strong></span> <span class='ocrx_word' id='word_1_115' title='bbox 727 1420 829 1480; x_wconf 90' lang='lat' dir='ltr'><strong>animo</strong></span> <span class='ocrx_word' id='word_1_116' title='bbox 841 1425 965 1494; x_wconf 90' lang='lat' dir='ltr'><strong>posset,</strong></span> <span class='ocrx_word' id='word_1_117' title='bbox 986 1426 1020 1480; x_wconf 90' lang='lat' dir='ltr'><strong>ut</strong></span> <span class='ocrx_word' id='word_1_118' title='bbox 1032 1420 1085 1479; x_wconf 93' lang='lat' dir='ltr'><strong>im·</strong></span> 
     </span>
     <span class='ocr_line' id='line_1_15' title="bbox 103 1501 962 1578; baseline -0.001 -15"><span class='ocrx_word' id='word_1_119' title='bbox 103 1517 234 1578; x_wconf 85' lang='lat' dir='ltr'><strong>pensam</strong></span> <span class='ocrx_word' id='word_1_120' title='bbox 247 1502 278 1562; x_wconf 92' lang='lat' dir='ltr'><strong>in</strong></span> <span class='ocrx_word' id='word_1_121' title='bbox 292 1518 357 1561; x_wconf 90' lang='lat' dir='ltr'><strong>rem</strong></span> <span class='ocrx_word' id='word_1_122' title='bbox 371 1501 495 1562; x_wconf 88' lang='lat' dir='ltr'><strong>maximi</strong></span> <span class='ocrx_word' id='word_1_123' title='bbox 510 1504 550 1562; x_wconf 91' lang='lat' dir='ltr'><strong>ad</strong></span> <span class='ocrx_word' id='word_1_124' title='bbox 564 1504 667 1564; x_wconf 89' lang='lat' dir='ltr'><strong>omnia</strong></span> <span class='ocrx_word' id='word_1_125' title='bbox 681 1502 824 1564; x_wconf 85' lang='lat' dir='ltr'><strong>momenti</strong></span> <span class='ocrx_word' id='word_1_126' title='bbox 838 1503 962 1562; x_wconf 85' lang='lat' dir='ltr'><strong>iaceret.</strong></span> 
     </span>
    </p>
   </div>
   <div class='ocr_carea' id='block_1_3' title="bbox 426 1831 752 1927">
    <p class='ocr_par' dir='ltr' id='par_1_3' title="bbox 426 1831 752 1927">
     <span class='ocr_line' id='line_1_16' title="bbox 426 1831 752 1927; baseline 0.003 -3"><span class='ocrx_word' id='word_1_127' title='bbox 426 1831 571 1927; x_wconf 83' lang='lat' dir='ltr'><strong>llll</strong></span> <span class='ocrx_word' id='word_1_128' title='bbox 609 1832 752 1925; x_wconf 86' lang='lat' dir='ltr'><strong>llvl</strong></span> 
     </span>
    </p>
   </div>
   <div class='ocr_carea' id='block_1_4' title="bbox 378 1994 812 2191">
    <p class='ocr_par' dir='ltr' id='par_1_4' title="bbox 378 1994 812 2191">
     <span class='ocr_line' id='line_1_17' title="bbox 378 1994 812 2059; baseline 0.007 -4"><span class='ocrx_word' id='word_1_129' title='bbox 378 1995 433 2055; x_wconf 80' lang='grc' dir='ltr'><strong>ΑΒ</strong></span> <span class='ocrx_word' id='word_1_130' title='bbox 461 1996 578 2058; x_wconf 87' lang='lat' dir='ltr'>URBE</span> <span class='ocrx_word' id='word_1_131' title='bbox 608 1994 812 2059; x_wconf 79' lang='lat' dir='ltr'>CONDITA</span> 
     </span>
     <span class='ocr_line' id='line_1_18' title="bbox 472 2125 708 2191; baseline -0.017 -1"><span class='ocrx_word' id='word_1_132' title='bbox 472 2127 584 2191; x_wconf 80' lang='lat' dir='ltr'>LIBER</span> <span class='ocrx_word' id='word_1_133' title='bbox 606 2125 708 2189; x_wconf 86' lang='lat' dir='ltr'><strong>XLIV.</strong></span> 
     </span>
    </p>
   </div>
   <div class='ocr_carea' id='block_1_5' title="bbox 118 2360 1086 3592">
    <p class='ocr_par' dir='ltr' id='par_1_5' title="bbox 118 2360 1086 3592">
     <span class='ocr_line' id='line_1_19' title="bbox 118 2360 1086 2431; baseline 0.001 -17"><span class='ocrx_word' id='word_1_134' title='bbox 118 2361 266 2414; x_wconf 71' lang='lat' dir='ltr'><strong>aetrnum</strong></span> <span class='ocrx_word' id='word_1_135' title='bbox 291 2360 321 2421; x_wconf 79' lang='lat' dir='ltr'><strong>Q.</strong></span> <span class='ocrx_word' id='word_1_136' title='bbox 348 2361 457 2413; x_wconf 75' lang='lat' dir='ltr'><strong>Maroius</strong></span> <span class='ocrx_word' id='word_1_137' title='bbox 478 2363 611 2431; x_wconf 88' lang='lat' dir='ltr'><strong>Philippus</strong></span> <span class='ocrx_word' id='word_1_138' title='bbox 632 2379 680 2431; x_wconf 91' lang='lat' dir='ltr'><strong>per</strong></span> <span class='ocrx_word' id='word_1_139' title='bbox 702 2364 787 2415; x_wconf 78' lang='lat' dir='ltr'><strong>invios</strong></span> <span class='ocrx_word' id='word_1_140' title='bbox 809 2362 889 2414; x_wconf 76' lang='lat' dir='ltr'><strong>saltum</strong></span> <span class='ocrx_word' id='word_1_141' title='bbox 911 2373 1086 2429; x_wconf 82' lang='lat' dir='ltr'><strong>penetraverat</strong></span> 
     </span>
     <span class='ocr_line' id='line_1_20' title="bbox 153 2431 1085 2499; baseline 0.002 -17"><span class='ocrx_word' id='word_1_142' title='bbox 153 2433 181 2482; x_wconf 89' lang='lat' dir='ltr'><strong>in</strong></span> <span class='ocrx_word' id='word_1_143' title='bbox 196 2431 387 2493; x_wconf 79' lang='lat' dir='ltr'><strong>Maeedouiam,</strong></span> <span class='ocrx_word' id='word_1_144' title='bbox 406 2432 599 2499; x_wconf 84' lang='lat' dir='ltr'><strong>oompluresque</strong></span> <span class='ocrx_word' id='word_1_145' title='bbox 617 2435 694 2484; x_wconf 84' lang='lat' dir='ltr'><strong>urbes</strong></span> <span class='ocrx_word' id='word_1_146' title='bbox 712 2433 858 2499; x_wconf 79' lang='lat' dir='ltr'><strong>oooupavlt.</strong></span> <span class='ocrx_word' id='word_1_147' title='bbox 883 2431 976 2484; x_wconf 79' lang='lat' dir='ltr'><strong>Rhodii</strong></span> <span class='ocrx_word' id='word_1_148' title='bbox 993 2434 1085 2485; x_wconf 86' lang='lat' dir='ltr'><strong>misera</strong></span> 
     </span>
     <span class='ocr_line' id='line_1_21' title="bbox 153 2498 1084 2568; baseline 0.003 -18"><span class='ocrx_word' id='word_1_149' title='bbox 153 2500 253 2567; x_wconf 72' lang='lat' dir='ltr'><strong>legates</strong></span> <span class='ocrx_word' id='word_1_150' title='bbox 271 2498 385 2561; x_wconf 82' lang='lat' dir='ltr'><strong>Romam,</strong></span> <span class='ocrx_word' id='word_1_151' title='bbox 404 2502 529 2553; x_wconf 78' lang='lat' dir='ltr'><strong>minautes</strong></span> <span class='ocrx_word' id='word_1_152' title='bbox 546 2518 575 2553; x_wconf 82' lang='lat' dir='ltr'><strong>aa</strong></span> <span class='ocrx_word' id='word_1_153' title='bbox 587 2503 683 2554; x_wconf 85' lang='lat' dir='ltr'><strong>Perseo</strong></span> <span class='ocrx_word' id='word_1_154' title='bbox 701 2502 799 2554; x_wconf 87' lang='lat' dir='ltr'><strong>auxilio</strong></span> <span class='ocrx_word' id='word_1_155' title='bbox 815 2499 924 2563; x_wconf 78' lang='lat' dir='ltr'><strong>iuturus,</strong></span> <span class='ocrx_word' id='word_1_156' title='bbox 939 2502 990 2552; x_wconf 83' lang='lat' dir='ltr'><strong>ulai</strong></span> <span class='ocrx_word' id='word_1_157' title='bbox 1003 2517 1084 2568; x_wconf 88' lang='lat' dir='ltr'><strong>popu·</strong></span> 
     </span>
     <span class='ocr_line' id='line_1_22' title="bbox 153 2568 1085 2638; baseline 0.004 -20"><span class='ocrx_word' id='word_1_158' title='bbox 153 2568 194 2620; x_wconf 88' lang='lat' dir='ltr'><strong>lus</strong></span> <span class='ocrx_word' id='word_1_159' title='bbox 212 2568 341 2619; x_wconf 84' lang='lat' dir='ltr'><strong>Romanus</strong></span> <span class='ocrx_word' id='word_1_160' title='bbox 359 2584 417 2619; x_wconf 87' lang='lat' dir='ltr'><strong>oum</strong></span> <span class='ocrx_word' id='word_1_161' title='bbox 435 2586 466 2621; x_wconf 91' lang='lat' dir='ltr'><strong>eo</strong></span> <span class='ocrx_word' id='word_1_162' title='bbox 483 2586 573 2637; x_wconf 87' lang='lat' dir='ltr'><strong>paoem</strong></span> <span class='ocrx_word' id='word_1_163' title='bbox 591 2579 668 2637; x_wconf 86' lang='lat' dir='ltr'><strong>atque</strong></span> <span class='ocrx_word' id='word_1_164' title='bbox 684 2572 824 2623; x_wconf 74' lang='lat' dir='ltr'><strong>amicitiam</strong></span> <span class='ocrx_word' id='word_1_165' title='bbox 835 2571 959 2636; x_wconf 73' lang='lat' dir='ltr'><strong>iungeret.</strong></span> <span class='ocrx_word' id='word_1_166' title='bbox 979 2571 1085 2638; x_wconf 69' lang='lat' dir='ltr'><strong>indigua</strong></span> 
     </span>
     <span class='ocr_line' id='line_1_23' title="bbox 153 2637 1085 2704; baseline 0.005 -16"><span class='ocrx_word' id='word_1_167' title='bbox 153 2639 181 2688; x_wconf 89' lang='lat' dir='ltr'><strong>id</strong></span> <span class='ocrx_word' id='word_1_168' title='bbox 204 2637 291 2686; x_wconf 90' lang='lat' dir='ltr'><strong>latum.</strong></span> <span class='ocrx_word' id='word_1_169' title='bbox 319 2652 377 2686; x_wconf 85' lang='lat' dir='ltr'><strong>euru</strong></span> <span class='ocrx_word' id='word_1_170' title='bbox 400 2637 428 2691; x_wconf 80' lang='lat' dir='ltr'><strong>td</strong></span> <span class='ocrx_word' id='word_1_171' title='bbox 451 2639 547 2691; x_wconf 88' lang='lat' dir='ltr'><strong>bellum</strong></span> <span class='ocrx_word' id='word_1_172' title='bbox 568 2641 598 2692; x_wconf 87' lang='lat' dir='ltr'><strong>L.</strong></span> <span class='ocrx_word' id='word_1_173' title='bbox 622 2642 734 2693; x_wconf 78' lang='lat' dir='ltr'><strong>Aemilio</strong></span> <span class='ocrx_word' id='word_1_174' title='bbox 754 2639 847 2701; x_wconf 87' lang='lat' dir='ltr'><strong>Paulo,</strong></span> <span class='ocrx_word' id='word_1_175' title='bbox 873 2642 1002 2704; x_wconf 85' lang='lat' dir='ltr'><strong>sequentis</strong></span> <span class='ocrx_word' id='word_1_176' title='bbox 1025 2642 1085 2693; x_wconf 86' lang='lat' dir='ltr'><strong>anui</strong></span> 
     </span>
     <span class='ocr_line' id='line_1_24' title="bbox 152 2703 1084 2776; baseline 0.009 -22"><span class='ocrx_word' id='word_1_177' title='bbox 152 2703 252 2754; x_wconf 86' lang='lat' dir='ltr'><strong>eonsuli</strong></span> <span class='ocrx_word' id='word_1_178' title='bbox 268 2705 373 2763; x_wconf 88' lang='lat' dir='ltr'><strong>iterum,</strong></span> <span class='ocrx_word' id='word_1_179' title='bbox 396 2707 544 2757; x_wconf 87' lang='lat' dir='ltr'><strong>mandatum</strong></span> <span class='ocrx_word' id='word_1_180' title='bbox 562 2718 644 2770; x_wconf 84' lang='lat' dir='ltr'><strong>esset,</strong></span> <span class='ocrx_word' id='word_1_181' title='bbox 667 2709 762 2761; x_wconf 82' lang='lat' dir='ltr'><strong>Paulus</strong></span> <span class='ocrx_word' id='word_1_182' title='bbox 780 2710 806 2759; x_wconf 88' lang='lat' dir='ltr'><strong>lu</strong></span> <span class='ocrx_word' id='word_1_183' title='bbox 824 2710 942 2759; x_wconf 85' lang='lat' dir='ltr'><strong>oontloue</strong></span> <span class='ocrx_word' id='word_1_184' title='bbox 958 2722 1084 2776; x_wconf 84' lang='lat' dir='ltr'><strong>precatus,</strong></span> 
     </span>
     <span class='ocr_line' id='line_1_25' title="bbox 151 2770 1082 2838; baseline 0.012 -18"><span class='ocrx_word' id='word_1_185' title='bbox 151 2781 181 2820; x_wconf 89' lang='lat' dir='ltr'><strong>ut</strong></span> <span class='ocrx_word' id='word_1_186' title='bbox 198 2770 323 2834; x_wconf 81' lang='lat' dir='ltr'><strong>quidquid</strong></span> <span class='ocrx_word' id='word_1_187' title='bbox 340 2771 389 2820; x_wconf 90' lang='lat' dir='ltr'><strong>dlrl</strong></span> <span class='ocrx_word' id='word_1_188' title='bbox 414 2774 511 2838; x_wconf 87' lang='lat' dir='ltr'><strong>populo</strong></span> <span class='ocrx_word' id='word_1_189' title='bbox 528 2775 643 2826; x_wconf 83' lang='lat' dir='ltr'><strong>Romano</strong></span> <span class='ocrx_word' id='word_1_190' title='bbox 659 2779 817 2837; x_wconf 81' lang='lat' dir='ltr'><strong>immineret,</strong></span> <span class='ocrx_word' id='word_1_191' title='bbox 843 2778 870 2827; x_wconf 90' lang='lat' dir='ltr'><strong>lu</strong></span> <span class='ocrx_word' id='word_1_192' title='bbox 889 2777 993 2829; x_wconf 91' lang='lat' dir='ltr'><strong>domum</strong></span> <span class='ocrx_word' id='word_1_193' title='bbox 1011 2795 1082 2831; x_wconf 87' lang='lat' dir='ltr'><strong>suam</strong></span> 
     </span>
     <span class='ocr_line' id='line_1_26' title="bbox 157 2841 1081 2909; baseline 0.012 -20"><span class='ocrx_word' id='word_1_194' title='bbox 157 2844 353 2896; x_wconf 84' lang='lat' dir='ltr'><strong>eonverteretur,</strong></span> <span class='ocrx_word' id='word_1_195' title='bbox 372 2848 397 2887; x_wconf 90' lang='lat' dir='ltr'><strong>et</strong></span> <span class='ocrx_word' id='word_1_196' title='bbox 415 2841 441 2889; x_wconf 91' lang='lat' dir='ltr'><strong>iu</strong></span> <span class='ocrx_word' id='word_1_197' title='bbox 458 2842 633 2893; x_wconf 82' lang='lat' dir='ltr'><strong>Macedoniam</strong></span> <span class='ocrx_word' id='word_1_198' title='bbox 649 2847 787 2909; x_wconf 85' lang='lat' dir='ltr'><strong>proieotua,</strong></span> <span class='ocrx_word' id='word_1_199' title='bbox 805 2845 867 2895; x_wconf 81' lang='lat' dir='ltr'><strong>vloit</strong></span> <span class='ocrx_word' id='word_1_200' title='bbox 883 2844 978 2897; x_wconf 84' lang='lat' dir='ltr'><strong>Persen</strong></span> <span class='ocrx_word' id='word_1_201' title='bbox 994 2855 1081 2899; x_wconf 87' lang='lat' dir='ltr'><strong>totam·</strong></span> 
     </span>
     <span class='ocr_line' id='line_1_27' title="bbox 155 2904 1083 2984; baseline 0.014 -28"><span class='ocrx_word' id='word_1_202' title='bbox 155 2923 205 2972; x_wconf 87' lang='lat' dir='ltr'><strong>que</strong></span> <span class='ocrx_word' id='word_1_203' title='bbox 226 2904 401 2956; x_wconf 76' lang='lat' dir='ltr'><strong>Macedoniam</strong></span> <span class='ocrx_word' id='word_1_204' title='bbox 418 2909 447 2956; x_wconf 88' lang='lat' dir='ltr'><strong>lu</strong></span> <span class='ocrx_word' id='word_1_205' title='bbox 467 2917 622 2975; x_wconf 76' lang='lat' dir='ltr'><strong>potestatem.</strong></span> <span class='ocrx_word' id='word_1_206' title='bbox 639 2913 746 2978; x_wconf 72' lang='lat' dir='ltr'><strong>redegit.</strong></span> <span class='ocrx_word' id='word_1_207' title='bbox 770 2921 905 2975; x_wconf 83' lang='lat' dir='ltr'><strong>antequam</strong></span> <span class='ocrx_word' id='word_1_208' title='bbox 929 2916 1083 2984; x_wconf 70' lang='lat' dir='ltr'><strong>ooudlgeret,</strong></span> 
     </span>
     <span class='ocr_line' id='line_1_28' title="bbox 153 2973 1084 3047; baseline 0.012 -21"><span class='ocrx_word' id='word_1_209' title='bbox 153 2975 180 3026; x_wconf 88' lang='lat' dir='ltr'><strong>C.</strong></span> <span class='ocrx_word' id='word_1_210' title='bbox 202 2973 332 3041; x_wconf 87' lang='lat' dir='ltr'><strong>Sulpioius</strong></span> <span class='ocrx_word' id='word_1_211' title='bbox 357 2973 442 3026; x_wconf 80' lang='lat' dir='ltr'><strong>Gallus</strong></span> <span class='ocrx_word' id='word_1_212' title='bbox 467 2978 583 3028; x_wconf 80' lang='lat' dir='ltr'><strong>tribunus</strong></span> <span class='ocrx_word' id='word_1_213' title='bbox 609 2980 719 3030; x_wconf 88' lang='lat' dir='ltr'><strong>militum</strong></span> <span class='ocrx_word' id='word_1_214' title='bbox 740 2980 867 3044; x_wconf 84' lang='lat' dir='ltr'><strong>praedixit</strong></span> <span class='ocrx_word' id='word_1_215' title='bbox 889 2984 1024 3047; x_wconf 73' lang='lat' dir='ltr'><strong>exordiri,</strong></span> <span class='ocrx_word' id='word_1_216' title='bbox 1051 3003 1084 3039; x_wconf 89' lang='lat' dir='ltr'><strong>ue</strong></span> 
     </span>
     <span class='ocr_line' id='line_1_29' title="bbox 150 3044 1083 3114; baseline 0.011 -18"><span class='ocrx_word' id='word_1_217' title='bbox 150 3046 300 3102; x_wconf 87' lang='lat' dir='ltr'><strong>miraretur,</strong></span> <span class='ocrx_word' id='word_1_218' title='bbox 324 3044 393 3107; x_wconf 86' lang='lat' dir='ltr'><strong>quod</strong></span> <span class='ocrx_word' id='word_1_219' title='bbox 417 3044 478 3096; x_wconf 89' lang='lat' dir='ltr'><strong>luna</strong></span> <span class='ocrx_word' id='word_1_220' title='bbox 495 3057 569 3097; x_wconf 83' lang='lat' dir='ltr'><strong>noete</strong></span> <span class='ocrx_word' id='word_1_221' title='bbox 589 3048 707 3114; x_wconf 88' lang='lat' dir='ltr'><strong>proxima</strong></span> <span class='ocrx_word' id='word_1_222' title='bbox 726 3048 855 3100; x_wconf 80' lang='lat' dir='ltr'><strong>delectare</strong></span> <span class='ocrx_word' id='word_1_223' title='bbox 879 3059 953 3102; x_wconf 84' lang='lat' dir='ltr'><strong>esset.</strong></span> <span class='ocrx_word' id='word_1_224' title='bbox 979 3052 1083 3106; x_wconf 85' lang='lat' dir='ltr'><strong>Gentius</strong></span> 
     </span>
     <span class='ocr_line' id='line_1_30' title="bbox 151 3112 1083 3188; baseline 0.01 -24"><span class='ocrx_word' id='word_1_225' title='bbox 151 3130 266 3179; x_wconf 88' lang='lat' dir='ltr'><strong>quoque,</strong></span> <span class='ocrx_word' id='word_1_226' title='bbox 284 3128 330 3163; x_wconf 86' lang='lat' dir='ltr'><strong>rex</strong></span> <span class='ocrx_word' id='word_1_227' title='bbox 346 3112 498 3181; x_wconf 72' lang='lat' dir='ltr'><strong>lllyriorum,</strong></span> <span class='ocrx_word' id='word_1_228' title='bbox 515 3129 573 3165; x_wconf 86' lang='lat' dir='ltr'><strong>oum</strong></span> <span class='ocrx_word' id='word_1_229' title='bbox 591 3116 752 3176; x_wconf 87' lang='lat' dir='ltr'><strong>rebellasset,</strong></span> <span class='ocrx_word' id='word_1_230' title='bbox 776 3132 792 3167; x_wconf 89' lang='lat' dir='ltr'><strong>a</strong></span> <span class='ocrx_word' id='word_1_231' title='bbox 808 3118 837 3169; x_wconf 78' lang='lat'><strong>1..</strong></span> <span class='ocrx_word' id='word_1_232' title='bbox 856 3119 948 3171; x_wconf 78' lang='lat' dir='ltr'><strong>Anicio</strong></span> <span class='ocrx_word' id='word_1_233' title='bbox 966 3134 1083 3188; x_wconf 85' lang='lat' dir='ltr'><strong>praetore</strong></span> 
     </span>
     <span class='ocr_line' id='line_1_31' title="bbox 153 3183 1083 3258; baseline 0.011 -24"><span class='ocrx_word' id='word_1_234' title='bbox 153 3185 235 3234; x_wconf 78' lang='lat' dir='ltr'><strong>vietum</strong></span> <span class='ocrx_word' id='word_1_235' title='bbox 251 3183 319 3233; x_wconf 80' lang='lat' dir='ltr'><strong>veull</strong></span> <span class='ocrx_word' id='word_1_236' title='bbox 336 3185 363 3233; x_wconf 89' lang='lat' dir='ltr'><strong>ln</strong></span> <span class='ocrx_word' id='word_1_237' title='bbox 382 3183 551 3245; x_wconf 80' lang='lat' dir='ltr'><strong>deditionem,</strong></span> <span class='ocrx_word' id='word_1_238' title='bbox 578 3193 603 3236; x_wconf 87' lang='lat' dir='ltr'><strong>et</strong></span> <span class='ocrx_word' id='word_1_239' title='bbox 621 3202 679 3237; x_wconf 90' lang='lat' dir='ltr'><strong>eum</strong></span> <span class='ocrx_word' id='word_1_240' title='bbox 696 3202 777 3237; x_wconf 86' lang='lat' dir='ltr'><strong>uxore</strong></span> <span class='ocrx_word' id='word_1_241' title='bbox 794 3195 819 3237; x_wconf 89' lang='lat' dir='ltr'><strong>et</strong></span> <span class='ocrx_word' id='word_1_242' title='bbox 832 3187 918 3239; x_wconf 86' lang='lat' dir='ltr'><strong>liberis</strong></span> <span class='ocrx_word' id='word_1_243' title='bbox 935 3198 960 3239; x_wconf 92' lang='lat' dir='ltr'><strong>et</strong></span> <span class='ocrx_word' id='word_1_244' title='bbox 978 3195 1083 3258; x_wconf 86' lang='lat' dir='ltr'><strong>propin·</strong></span> 
     </span>
     <span class='ocr_line' id='line_1_32' title="bbox 152 3253 1081 3324; baseline 0.008 -22"><span class='ocrx_word' id='word_1_245' title='bbox 152 3253 209 3317; x_wconf 83' lang='lat' dir='ltr'><strong>quis</strong></span> <span class='ocrx_word' id='word_1_246' title='bbox 227 3253 334 3302; x_wconf 84' lang='lat' dir='ltr'><strong>Romam</strong></span> <span class='ocrx_word' id='word_1_247' title='bbox 352 3253 448 3305; x_wconf 85' lang='lat' dir='ltr'><strong>missus</strong></span> <span class='ocrx_word' id='word_1_248' title='bbox 466 3263 514 3307; x_wconf 86' lang='lat' dir='ltr'><strong>est.</strong></span> <span class='ocrx_word' id='word_1_249' title='bbox 532 3253 609 3322; x_wconf 74' lang='lat' dir='ltr'><strong>legati</strong></span> <span class='ocrx_word' id='word_1_250' title='bbox 625 3256 782 3307; x_wconf 77' lang='lat' dir='ltr'><strong>Alexandria</strong></span> <span class='ocrx_word' id='word_1_251' title='bbox 798 3272 814 3307; x_wconf 88' lang='lat' dir='ltr'><strong>a</strong></span> <span class='ocrx_word' id='word_1_252' title='bbox 832 3256 966 3324; x_wconf 80' lang='lat' dir='ltr'><strong>Cleopatra</strong></span> <span class='ocrx_word' id='word_1_253' title='bbox 983 3269 1008 3311; x_wconf 88' lang='lat' dir='ltr'><strong>at</strong></span> <span class='ocrx_word' id='word_1_254' title='bbox 1023 3263 1081 3312; x_wconf 90' lang='lat' dir='ltr'><strong>Pto-</strong></span> 
     </span>
     <span class='ocr_line' id='line_1_33' title="bbox 152 3322 1081 3394; baseline 0.005 -23"><span class='ocrx_word' id='word_1_255' title='bbox 152 3322 250 3372; x_wconf 89' lang='lat' dir='ltr'><strong>lemaeo</strong></span> <span class='ocrx_word' id='word_1_256' title='bbox 273 3322 377 3389; x_wconf 67' lang='lat' dir='ltr'><strong>regibus</strong></span> <span class='ocrx_word' id='word_1_257' title='bbox 399 3331 522 3375; x_wconf 79' lang='lat' dir='ltr'><strong>venerunt</strong></span> <span class='ocrx_word' id='word_1_258' title='bbox 543 3332 677 3388; x_wconf 88' lang='lat' dir='ltr'><strong>querentes</strong></span> <span class='ocrx_word' id='word_1_259' title='bbox 702 3325 734 3375; x_wconf 88' lang='lat' dir='ltr'><strong>de</strong></span> <span class='ocrx_word' id='word_1_260' title='bbox 755 3326 879 3377; x_wconf 77' lang='lat' dir='ltr'><strong>Antiooho</strong></span> <span class='ocrx_word' id='word_1_261' title='bbox 901 3342 962 3392; x_wconf 79' lang='lat' dir='ltr'><strong>rege</strong></span> <span class='ocrx_word' id='word_1_262' title='bbox 985 3328 1081 3394; x_wconf 69' lang='lat' dir='ltr'><strong>Syriae,</strong></span> 
     </span>
     <span class='ocr_line' id='line_1_34' title="bbox 150 3389 1081 3454; baseline 0.003 -14"><span class='ocrx_word' id='word_1_263' title='bbox 150 3391 219 3454; x_wconf 88' lang='lat' dir='ltr'><strong>quod</strong></span> <span class='ocrx_word' id='word_1_264' title='bbox 236 3389 278 3440; x_wconf 89' lang='lat' dir='ltr'><strong>his</strong></span> <span class='ocrx_word' id='word_1_265' title='bbox 290 3390 386 3441; x_wconf 90' lang='lat' dir='ltr'><strong>bellum</strong></span> <span class='ocrx_word' id='word_1_266' title='bbox 400 3392 513 3444; x_wconf 77' lang='lat' dir='ltr'><strong>inferret.</strong></span> <span class='ocrx_word' id='word_1_267' title='bbox 532 3392 622 3444; x_wconf 87' lang='lat' dir='ltr'><strong>Perses</strong></span> <span class='ocrx_word' id='word_1_268' title='bbox 634 3394 778 3445; x_wconf 85' lang='lat' dir='ltr'><strong>sollieitatis</strong></span> <span class='ocrx_word' id='word_1_269' title='bbox 792 3396 818 3445; x_wconf 88' lang='lat' dir='ltr'><strong>ln</strong></span> <span class='ocrx_word' id='word_1_270' title='bbox 830 3396 954 3447; x_wconf 84' lang='lat' dir='ltr'><strong>auxilium</strong></span> <span class='ocrx_word' id='word_1_271' title='bbox 969 3395 1081 3445; x_wconf 79' lang='lat' dir='ltr'><strong>Eumene</strong></span> 
     </span>
     <span class='ocr_line' id='line_1_35' title="bbox 151 3458 1079 3531; baseline 0.002 -23"><span class='ocrx_word' id='word_1_272' title='bbox 151 3474 213 3526; x_wconf 76' lang='lat' dir='ltr'><strong>rege</strong></span> <span class='ocrx_word' id='word_1_273' title='bbox 221 3458 338 3525; x_wconf 80' lang='lat' dir='ltr'><strong>Pergami</strong></span> <span class='ocrx_word' id='word_1_274' title='bbox 348 3470 372 3510; x_wconf 87' lang='lat' dir='ltr'><strong>et</strong></span> <span class='ocrx_word' id='word_1_275' title='bbox 385 3460 475 3513; x_wconf 88' lang='lat' dir='ltr'><strong>Gentio</strong></span> <span class='ocrx_word' id='word_1_276' title='bbox 487 3478 549 3527; x_wconf 77' lang='lat' dir='ltr'><strong>rege</strong></span> <span class='ocrx_word' id='word_1_277' title='bbox 563 3461 713 3531; x_wconf 64' lang='lat' dir='ltr'><strong>lllyriorum,</strong></span> <span class='ocrx_word' id='word_1_278' title='bbox 732 3464 792 3527; x_wconf 90' lang='lat' dir='ltr'><strong>quia</strong></span> <span class='ocrx_word' id='word_1_279' title='bbox 809 3464 841 3514; x_wconf 86' lang='lat' dir='ltr'><strong>lis</strong></span> <span class='ocrx_word' id='word_1_280' title='bbox 855 3462 990 3529; x_wconf 81' lang='lat' dir='ltr'><strong>pecuniam</strong></span> <span class='ocrx_word' id='word_1_281' title='bbox 1005 3477 1079 3525; x_wconf 88' lang='lat' dir='ltr'><strong>quam</strong></span> 
     </span>
     <span class='ocr_line' id='line_1_36' title="bbox 152 3528 759 3592; baseline 0.012 -17"><span class='ocrx_word' id='word_1_282' title='bbox 152 3528 304 3591; x_wconf 84' lang='lat' dir='ltr'><strong>promiserat</strong></span> <span class='ocrx_word' id='word_1_283' title='bbox 318 3544 368 3580; x_wconf 90' lang='lat' dir='ltr'><strong>uon</strong></span> <span class='ocrx_word' id='word_1_284' title='bbox 386 3529 469 3592; x_wconf 88' lang='lat' dir='ltr'><strong>dabat,</strong></span> <span class='ocrx_word' id='word_1_285' title='bbox 485 3531 589 3583; x_wconf 83' lang='lat' dir='ltr'><strong>relictus</strong></span> <span class='ocrx_word' id='word_1_286' title='bbox 606 3535 637 3584; x_wconf 88' lang='lat' dir='ltr'><strong>ab</strong></span> <span class='ocrx_word' id='word_1_287' title='bbox 653 3533 695 3583; x_wconf 88' lang='lat' dir='ltr'><strong>his</strong></span> <span class='ocrx_word' id='word_1_288' title='bbox 713 3541 759 3583; x_wconf 87' lang='lat' dir='ltr'><strong>est.</strong></span> 
     </span>
    </p>
   </div>
   <div class='ocr_carea' id='block_1_6' title="bbox 143 3597 873 3658">
    <p class='ocr_par' dir='ltr' id='par_1_6' title="bbox 143 3597 873 3658">
     <span class='ocr_line' id='line_1_37' title="bbox 143 3597 873 3658; baseline 0.007 -5"><span class='ocrx_word' id='word_1_289' title='bbox 143 3611 169 3653; x_wconf 85' lang='lat' dir='ltr'><strong>r.</strong></span> <span class='ocrx_word' id='word_1_290' title='bbox 184 3611 245 3655; x_wconf 77' lang='lat' dir='ltr'><strong>arur</strong></span> <span class='ocrx_word' id='word_1_291' title='bbox 258 3611 335 3657; x_wconf 76' lang='lat' dir='ltr'><strong>rans</strong></span> <span class='ocrx_word' id='word_1_292' title='bbox 349 3597 387 3657; x_wconf 87' lang='lat' dir='ltr'><strong>V.</strong></span> <span class='ocrx_word' id='word_1_293' title='bbox 722 3634 725 3638; x_wconf 92' lang='lat'>-</span> <span class='ocrx_word' id='word_1_294' title='bbox 840 3606 873 3658; x_wconf 74' lang='lat'><strong>14</strong></span> 
     </span>
    </p>
   </div>
   <div class='ocr_carea' id='block_1_7' title="bbox 0 0 1326 4017">
    <p class='ocr_par' dir='ltr' id='par_1_7' title="bbox 0 0 1326 4017">
     <span class='ocr_line' id='line_1_38' title="bbox 0 0 1326 4017; baseline 0 2"><span class='ocrx_word' id='word_1_295' title='bbox 0 0 1326 4017; x_wconf 95' lang='lat' dir='ltr'><strong> </strong></span> 
     </span>
    </p>
   </div>
  </div>
 </body>
</html>
