2642 4017
243 226 363 287 LIBER
375 226 507 286 XXXIX.
529 226 611 288 cAP.
626 233 671 289 at.
683 234 727 288 28.
750 231 778 300 [a
803 225 913 299 0186]
1027 225 1068 290 26

89 379 219 440 honores
235 387 267 439 et
282 394 394 454 capere
408 380 497 455 ipsos
512 386 542 439 et
555 379 629 438 dare
643 379 721 439 aliis.
750 380 895 455 optimum
910 397 1072 458 quemque,

88 463 195 539 quibus
208 462 371 538 libertatis,
387 463 500 539 quibus
514 464 617 538 legum
631 478 706 523 cura
719 462 768 535 sit,
784 472 836 524 aut
849 467 992 526 exsulare
1006 468 1073 542 pul·

88 563 139 608 sos
153 547 254 622 patria
269 553 324 607 aut
336 546 537 608 inhonoratos
550 553 579 607 et
590 546 794 608 deterioribus
807 547 960 609 obnoxios
972 550 1073 611 silere.

87 631 201 690 delore
216 631 313 691 etiam
327 630 433 690 linium
447 646 548 707 pauca
559 629 752 691 adiecerunt=
775 630 809 704 Q.
819 630 945 692 Fabium
956 631 1073 694 Labeo·

86 729 166 786 nem,
186 729 259 774 cum
275 715 307 774 in
320 714 448 789 regione
463 714 638 788 caluisset,
659 714 812 776 direxisse
826 715 919 776 linem
933 714 1074 793 Philippo

86 803 216 857 veterem
231 798 316 858 vIam
330 800 455 874 regiam,
473 812 553 873 quae
564 799 603 859 ad
614 797 760 858 Thraciae
770 798 945 860 Paroreiam
956 799 1074 875 subeat,

86 897 236 958 nusquam
253 883 295 942 ad
309 897 393 941 mare
411 880 628 943 declinantem:
651 881 824 957 Philippum
840 900 951 943 novam
967 892 1076 958 postea

86 964 254 1026 deflexisse
269 966 361 1040 vlam,
378 982 439 1041 qua
453 966 671 1026 Maronitarum
685 965 778 1026 urbes
793 982 949 1042 agrosque
960 968 1073 1042 ample-

87 1055 188 1109 ctatur.
216 1049 358 1110 XXVIII.
386 1049 427 1109 ad
446 1065 485 1110 ea
503 1049 663 1125 Philippus
684 1050 775 1125 longe
796 1050 886 1111 aliam
908 1067 998 1128 quam
1021 1052 1074 1112 ad·

87 1147 190 1192 versus
211 1133 385 1193 Thessalos
399 1131 653 1208 Perrhaebosque
675 1148 774 1208 nuper
793 1133 954 1209 ingressus
975 1136 1073 1196 disse

88 1216 169 1276 rendi
194 1217 282 1277 viam
306 1233 390 1292 „non
411 1232 480 1277 cum
498 1215 678 1276 Maronitis“
703 1217 803 1294 inquit
822 1218 914 1293 „milri
934 1226 986 1280 aut
1006 1235 1074 1280 cum

86 1298 219 1361 Eumene
232 1299 419 1376 dIsoeptatio
431 1307 487 1375 est,
504 1301 561 1361 sed
572 1301 631 1360 iam
642 1299 811 1376 vobiscum,
825 1303 962 1376 Romani,
977 1304 1074 1378 aqui·

87 1381 142 1443 bus
163 1384 240 1444 nihil
262 1382 357 1459 aequi
371 1399 420 1443 me
434 1384 599 1459 impetrare
613 1383 674 1444 iam
688 1383 741 1445 diu
756 1384 974 1446 animadverto.
1001 1384 1073 1446 civi·

87 1471 160 1527 tates
176 1468 404 1541 Macedonum,
426 1484 505 1542 quae
526 1485 545 1528 a
565 1483 614 1528 me
635 1468 714 1530 inter
733 1469 867 1529 indutIas
889 1469 1074 1543 deiecerant,

87 1550 170 1611 reddi
190 1552 270 1613 milri
290 1568 422 1629 aequum
444 1553 622 1625 censebam,
644 1568 707 1613 non
723 1551 795 1627 quia
809 1567 919 1627 magna
934 1552 1072 1614 accessit

89 1647 124 1692 ea
141 1637 228 1711 regni
251 1637 354 1697 lutura
373 1642 510 1696 esset-
521 1642 594 1696 sunt
613 1635 693 1695 enim
709 1642 740 1695 et
754 1650 850 1709 parva
870 1635 985 1712 oppida
1000 1642 1031 1696 et
1044 1636 1075 1696 in

89 1715 196 1779 finibus
218 1719 367 1780 extremis
389 1720 490 1795 posita
502 1718 617 1781 —sed
639 1718 712 1793 qula
731 1720 857 1780 multum
877 1720 918 1780 ad
937 1720 1074 1796 reliquos
1119 1761 1123 1774 .

90 1797 277 1865 Macedonas
298 1801 501 1864 continendos
522 1801 697 1876 exemplum
718 1802 897 1877 pertinebat
932 1812 1075 1880 negatum

91 1888 135 1943 est
147 1886 229 1947 mihi.
252 1888 335 1948 bello
350 1888 489 1948 Aetolico
504 1885 640 1946 Lamiam
655 1901 836 1961 oppugnare
848 1886 953 1948 iussus
967 1904 987 1949 a
1002 1904 1076 1948 con·

92 1968 154 2027 sule
166 1969 216 2029 Μ’.
232 1971 336 2031 Acilio
358 1986 427 2030 cum
441 1971 494 2031 diu
513 1970 656 2044 fatigatus
671 1968 713 2029 ibi
728 1968 873 2045 operibus
887 1969 1076 2045 proeliisque

92 2064 197 2127 essem,
213 2055 483 2116 transcendentem
498 2069 547 2115 me
561 2055 620 2114 iam
636 2069 741 2115 muros
756 2070 776 2114 a
789 2060 879 2128 capta
890 2068 988 2129 prope
999 2054 1077 2115 urbe

91 2139 245 2200 revocavit
259 2139 369 2200 consul
384 2144 414 2197 et
427 2138 582 2199 abducere
597 2137 705 2213 coplas
718 2137 790 2198 inde
804 2139 913 2212 coegit
932 2137 972 2198 ad
985 2137 1076 2199 huius

93 2217 228 2282 solatium
253 2221 381 2282 iniuriae
402 2222 585 2297 permissum
607 2229 670 2297 est,
691 2229 725 2282 ut
737 2220 915 2282 Thessaliae
928 2222 1074 2282 Perrhae·

94 2297 218 2379 blaeque
235 2312 267 2366 et
276 2306 482 2366 Athamanum
493 2306 662 2380 reciperem
676 2306 829 2380 quaedam
841 2307 967 2365 castella
977 2306 1075 2380 magis

94 2400 179 2458 quam
191 2389 298 2451 urbes.
323 2404 360 2450 ea
376 2404 501 2466 quoque
515 2389 584 2465 ipsa
597 2405 657 2449 vos
672 2387 754 2461 mihi,
772 2388 806 2462 Q.
822 2386 943 2462 Caecili,
959 2403 1076 2462 paucos

93 2475 157 2529 ante
171 2473 242 2534 dies
257 2472 424 2534 ademistis.
449 2490 505 2551 pro
520 2488 580 2532 non
597 2471 691 2533 dubio
704 2472 794 2546 paulo
807 2477 886 2543 ante,
902 2470 929 2530 si
942 2471 1000 2530 diis
1013 2473 1076 2546 pla·

95 2558 146 2626 cet,
160 2556 255 2633 legati
268 2558 414 2618 Eumenis
429 2556 601 2629 sumebant,
617 2570 698 2631 quae
711 2555 856 2616 Antiochi
871 2555 1001 2638 iqerunt,
1015 2555 1075 2615 Eu·

94 2648 206 2699 mertem
222 2641 354 2717 aequius
369 2656 441 2701 esse
457 2656 549 2715 quam
563 2655 613 2700 me
626 2639 751 2699 habere.
774 2639 805 2699 id
818 2655 876 2714 ego
888 2640 980 2715 longe
990 2638 1078 2699 aliter

94 2714 189 2783 iudico
202 2740 286 2786 esse.
307 2724 461 2786 Eumenes
473 2722 554 2785 enim
565 2739 628 2784 non
639 2722 699 2782 nisi
709 2722 858 2783 vicissent
868 2723 1006 2795 Romani,
1020 2723 1077 2783 sed

95 2797 149 2862 nisi
168 2807 282 2869 bellum
304 2810 491 2884 gessissent,
513 2822 637 2868 manere
654 2806 685 2865 in
705 2822 802 2882 regno
817 2823 875 2867 suo
891 2822 953 2866 oon
968 2806 1077 2882 potuit

95 2880 192 2963 itaque
205 2894 258 2952 ille
274 2900 409 2952 vestrum
423 2892 560 2951 meritum
576 2890 676 2964 habet,
692 2906 753 2950 non
768 2906 826 2950 vos
841 2890 932 2950 illins.
954 2890 1014 2950 mei
1025 2907 1078 2949 au·

96 2970 150 3029 lem
170 2974 257 3051 regni
279 2983 394 3038 tantum
410 2977 515 3036 aberat
530 2981 563 3035 ut
576 2975 638 3035 ulla
651 2990 726 3049 pars
741 2975 772 3033 in
788 2972 964 3035 discrimine
979 2975 1077 3047 luerit,

97 3056 126 3110 ut
134 3056 189 3118 tria
199 3059 283 3120 milia
292 3062 438 3121 talentum
449 3067 480 3120 et
487 3058 812 3134 quinquagintatectas
823 3073 920 3117 naves
932 3063 1077 3118 etomnes

98 3132 237 3204 Graeciae
250 3144 398 3217 civitates,
413 3160 491 3220 quas
502 3150 594 3204 antea
603 3139 781 3216 tenuissem,
793 3138 988 3217 pollicentem
999 3142 1078 3201 ultro

99 3216 275 3288 Antiochum
295 3228 325 3287 in
346 3227 520 3288 mercedem
541 3224 698 3286 socletatis
720 3225 777 3285 sim
798 3232 1000 3300 aspernatum
1023 3224 1077 3284 ho-

100 3309 231 3386 stemque
252 3311 279 3371 ei
294 3326 343 3371 me
358 3326 430 3372 esse
451 3310 535 3387 prius
551 3311 641 3371 etiam
656 3325 748 3385 quam
761 3308 812 3369 ll.
826 3308 945 3369 Acilius
961 3307 1079 3368 exerci-

102 3388 196 3453 lumin
210 3394 368 3455 Graeciam
383 3393 525 3456 traiceret
538 3410 614 3469 prae
629 3409 679 3454 me
694 3393 757 3468 tuli,
772 3399 884 3453 etcum
900 3408 937 3452 eo
950 3390 1079 3450 consule

101 3464 163 3534 belli
177 3487 309 3554 partem,
327 3493 552 3554 quamcumque
566 3477 638 3538 mihi
654 3476 815 3552 delegavit,
830 3475 924 3551 gessi.
954 3478 984 3532 et
997 3471 1078 3530 inse-
