2642 4017
242 279 302 342 156
403 279 520 340 LIBER
532 279 621 340 XLII.
643 278 726 338 CAP.
739 285 785 341 32·
795 285 839 340 ab.
862 283 899 351 [a.
910 282 945 335 U.
957 299 982 335 c.
992 214 1056 349 bbl]

240 433 391 495 sacrificio
403 432 527 508 babere,
543 448 623 509 quoe
637 432 765 494 absente
779 447 815 492 sc
825 438 907 492 recte
918 431 986 492 fleri
997 447 1059 492 non
1070 440 1221 507 poscente

239 533 319 592 quae
343 534 404 578 non
424 516 524 592 magis
545 516 674 576 consule
695 531 785 591 quam
811 522 955 590 praetore
979 514 1108 577 absente
1132 522 1221 576 recte

237 600 304 662 fieri
320 606 458 676 possent
480 599 509 660 si
522 605 649 660 senatus
664 615 726 660 non
741 597 816 673 quid
832 600 923 659 vellet
935 598 966 658 io
981 599 1145 660 consulatu
1156 614 1218 673 po·

237 685 299 745 tius
319 699 411 758 quam
432 682 506 758 quid
520 681 552 742 in
566 687 711 757 praetura
723 681 871 742 iuraverit
882 680 914 739 P.
928 680 1062 742 Licinius
1078 681 1218 742 animad-

236 767 415 828 vertendum
436 780 508 825 esso
529 770 668 838 censeat,
699 779 736 824 se
756 772 856 825 umen
878 765 1012 826 futurum
1030 765 1062 824 in
1086 770 1217 826 senatus
1315 770 1316 781 ¹

236 855 398 926 potestate.
419 848 551 909 consulti
563 854 677 922 patres,
692 845 742 908 cui
753 850 946 908 consulatum
956 849 1090 923 populus
1100 849 1215 921 Roma·

236 950 295 994 nus
310 948 372 992 non
385 938 539 1004 negasset,
553 929 592 991 ab
603 945 640 990 se
652 929 841 1005 provinciam
852 931 957 1005 negari
969 931 1136 1014 superbum
1145 931 1215 1005 rati,

236 1014 337 1076 sortiri
349 1014 493 1075 consules
504 1013 669 1074 iusserunt.
683 1013 716 1073 P.
726 1012 843 1077 Licinio
854 1013 1044 1087 Macedonia,
1060 1013 1092 1075 C.
1104 1013 1214 1074 Cassio

235 1098 320 1157 ltalia
340 1097 471 1157 obvenit
493 1096 632 1171 legiones
652 1097 725 1157 inde
743 1096 844 1158 sortiti
858 1104 945 1159 sunta
967 1099 1065 1173 prima
1079 1105 1111 1158 et
1123 1097 1214 1158 tertia

235 1181 265 1240 in
276 1178 488 1240 Macedoniam
501 1180 711 1253 traicerentur,
727 1180 864 1240 secunda
875 1186 906 1239 et
921 1187 1029 1255 quarto
1039 1179 1114 1241 utin
1125 1180 1212 1255 ltalia
1315 1202 1316 1239 2

234 1271 436 1323 remanerent.
515 1286 517 1289 ·
1315 1272 1316 1305 ἐ

318 1345 455 1407 Dilectus
475 1353 538 1408 tum
552 1348 698 1408 consules
712 1347 806 1406 multo
821 1345 1012 1407 intentiorem
1028 1361 1120 1420 quam
1134 1345 1211 1406 olias

235 1445 339 1491 curam
354 1429 515 1490 habebant
537 1429 673 1491 Licinius
693 1435 814 1489 veteres
830 1444 954 1505 quoque
969 1428 1123 1489 scribebat
1136 1429 1210 1488 mili·

234 1520 281 1574 tes
307 1513 581 1589 centurionesque;
613 1520 644 1573 et
663 1512 748 1573 multi
768 1514 923 1573 voluntate
943 1511 1068 1572 nomina
1088 1511 1211 1584 dobant,

236 1597 308 1671 quia
333 1596 504 1671 locupletes
528 1596 674 1656 videbant
699 1595 751 1670 qui
775 1595 878 1669 priore
902 1594 1103 1655 Macedonico
1128 1593 1210 1655 bello

235 1685 288 1738 aut
299 1677 451 1739 adversus
465 1678 649 1740 Antiochum
664 1678 695 1739 in
707 1676 785 1739 Asia
804 1677 957 1752 stipendia
972 1677 1117 1738 fecerant
1141 1691 1210 1738 cum

233 1760 348 1821 tribuni
362 1761 487 1821 militum
502 1762 707 1836 centuriones,
722 1769 753 1822 et
769 1761 896 1835 primum
908 1776 1063 1836 quemque
1074 1759 1210 1821 citarent

234 1850 296 1904 tres
316 1851 348 1903 et
367 1844 472 1920 viginti
494 1843 706 1919 centuriones,
734 1845 786 1920 qui
808 1846 924 1920 primos
945 1843 1026 1918 pilos
1049 1844 1206 1917 duxerant,

234 1926 316 1988 citati
339 1928 477 1989 tribunos
499 1930 598 2004 plebis
620 1930 821 2003 appellarunt.
854 1929 915 1988 duo
936 1943 976 1987 ex
998 1927 1142 2002 collegio,
1166 1927 1208 1987 M.

232 2010 357 2073 Fulvius
376 2011 512 2072 Nobilior
531 2019 563 2072 et
580 2011 620 2070 Μ.
642 2009 786 2071 Claudius
803 2011 982 2084 Marcellus,
1003 2011 1045 2070 ad
1064 2011 1208 2071 consules

234 2093 412 2156 reiciebantz
440 2111 547 2155 eorum
567 2094 773 2169 cognitionem
793 2109 866 2154 esse
886 2094 1015 2168 debere,
1036 2094 1148 2169 quibus
1163 2093 1205 2152 di·

233 2179 330 2238 lectus
352 2178 526 2252 quibusque
546 2176 659 2237 bellum
679 2175 855 2237 mandatum
868 2184 967 2237 esset:
990 2177 1083 2236 ceteri
1104 2177 1204 2250 cogni·

232 2266 318 2321 turos
339 2276 390 2335 se,
415 2262 454 2320 de
476 2277 537 2336 quo
558 2261 704 2335 appellati
718 2266 831 2333 essent,
852 2261 993 2334 aiebant,
1014 2258 1085 2320 etsi
1098 2259 1207 2320 iniuria

231 2342 335 2417 fieret,
360 2342 506 2404 auxilium
530 2341 649 2403 civibus
674 2345 800 2403 laturos.
842 2343 974 2403 ΧΧΧΙΜ.
996 2343 1036 2403 od
1060 2343 1206 2405 subsellio

230 2426 423 2487 tribunorum
435 2441 486 2484 res
502 2425 664 2498 agebaturz
687 2441 725 2486 eo
741 2426 780 2484 Μ.
795 2427 941 2501 Popillius
956 2425 1138 2501 consularis,
1153 2427 1205 2485 ad-

231 2517 375 2579 vocatus,
398 2507 592 2568 centuriones
621 2515 652 2568 et
672 2512 781 2569 consul
801 2518 958 2571 venerunt
987 2512 1115 2571 consule
1135 2509 1206 2569 inde

230 2589 406 2665 postulanti,
421 2591 498 2649 utin
514 2591 656 2652 contione
671 2607 709 2651 ea
718 2609 769 2652 res
781 2599 930 2667 ageretur,
945 2595 1079 2669 populus
1092 2593 1121 2653 in
1134 2609 1203 2653 oon-

230 2673 344 2733 tionem
365 2673 544 2733 advocatus.
574 2690 630 2748 pro
651 2677 881 2736 centurionibus
899 2677 940 2736 Μ.
963 2676 1127 2753 Popillius,
1153 2674 1204 2751 qui

231 2755 352 2816 biennio
367 2764 437 2817 ante
452 2759 560 2817 consul
574 2759 688 2833 iuerat,
708 2759 751 2819 ita
764 2759 859 2819 verba
879 2760 960 2821 lecit.
986 2761 1130 2839 militares
1150 2759 1205 2819 ho-

230 2838 327 2899 miues
349 2846 379 2899 et
399 2841 552 2916 stipendia
571 2843 651 2902 iusta
671 2849 702 2903 et
722 2858 854 2920 corpora
867 2850 898 2904 et
910 2851 1009 2904 uetote
1023 2851 1054 2905 et
1066 2842 1204 2903 adsiduis

231 2919 389 2983 laboribus
405 2925 546 2986 conlecto
559 2925 690 2986 haberes
706 2926 781 2987 nihil
791 2942 936 2990 recusare
946 2932 1057 3000 tamen,
1073 2944 1134 3002 quo
1150 2927 1204 2985 mi·

230 3020 289 3064 nus
311 3021 438 3079 operam
457 3009 502 3067 rei
524 3008 666 3084 publicae
681 3010 763 3070 dent
790 3010 823 3070 id
837 3017 952 3070 tantum
967 3010 1141 3085 depreturi,
1166 3024 1205 3068 ue

229 3087 390 3149 inferiores
403 3090 441 3150 iis
456 3092 591 3166 ordines,
606 3108 698 3167 quarn
714 3109 794 3167 quos
809 3108 877 3152 curn
891 3091 1204 3154 miliussentbobuis·
1315 3134 1316 3148 .

229 3177 306 3243 sent,
328 3172 571 3249 attribuerentur.
597 3175 629 3235 P.
644 3175 780 3237 Licinius
801 3177 912 3236 otnsul
925 3182 1049 3237 senatus
1066 3175 1205 3238 consulta

228 3255 348 3317 recitari
362 3255 460 3329 iussit,
478 3256 605 3333 primum
620 3275 682 3334 quo
697 3258 810 3320 bellurn
825 3266 951 3320 senatus
966 3259 1081 3321 Perseo
1096 3259 1204 3320 iussis-

228 3346 285 3412 set,
300 3339 412 3401 deinde
427 3356 488 3415 quo
503 3347 622 3401 veteres
638 3343 832 3403 centuriones
848 3359 939 3416 quam
950 3343 1112 3417 plurimum
1123 3342 1162 3401 ad
1174 3341 1205 3401 id

228 3422 341 3483 bellum
361 3423 454 3483 scribi
475 3423 661 3496 censuisset,
683 3439 741 3486 nec
757 3425 825 3496 ulli,
848 3426 900 3500 qui
921 3440 983 3483 non
1003 3425 1101 3493 maior
1115 3424 1202 3485 annis

230 3505 450 3581 quinquaginta
465 3513 556 3579 osset,
578 3506 767 3568 vacationem
781 3507 903 3568 militiae
915 3522 995 3568 esse.
1019 3507 1202 3583 deprecatus
