2642 4017
188 280 304 340 LIBER
314 279 389 337 xit.
412 277 978 357 obponat.[a.tJ.c.ets.a.c.1tt]
1017 283 1077 348 121

91 434 153 503 nis,
169 427 308 491 nnumin
322 428 411 488 terris
425 426 601 489 inchoatum
612 444 670 503 pro
681 429 890 505 magnitudine
901 432 960 504 dei,
977 441 1080 510 potest

92 516 181 578 testis
203 527 290 573 esses
324 512 382 572 sed
402 518 433 572 et
450 511 549 572 Delon
569 511 632 572 aris
650 511 825 589 insignibus
849 523 1079 594 statuarumque

92 600 186 674 copia
206 595 382 668 exornavit,
403 602 434 655 et
451 593 643 657 Antiocheae
662 597 746 658 lovis
761 597 921 675 Capitolini
941 601 1079 677 magnifi-

93 700 165 745 cum
185 681 346 755 templum,
368 694 430 739 non
444 680 620 754 laqueatum
641 696 718 741 auro
735 688 864 759 mnium,
886 684 944 744 sed
957 686 1080 760 parieti-

93 768 154 829 bus
168 765 240 825 totis
255 762 366 822 lamina
380 762 561 837 inauratum,
576 763 680 825 atalia
690 765 785 825 multa
798 766 829 826 in
841 767 909 828 aliis
922 767 1000 829 locis
1011 770 1079 844 pol·

92 850 205 924 licitus,
221 848 294 924 quia
304 844 456 921 perbreve
469 852 590 922 tempus
603 848 691 923 regni
706 846 774 910 eius
788 850 852 926 brit,
868 866 929 913 non
940 853 1079 927 perfecit

92 933 343 1010 spectaculorum
357 945 483 1006 quoque
498 929 598 992 omnis
611 930 735 1007 generis
749 935 976 1010 magnificentia
986 952 1079 1012 supe·

91 1018 193 1079 riores
207 1031 297 1091 reges
314 1013 399 1084 vicit,
419 1014 609 1090 reliquorum
623 1016 673 1077 sui
687 1017 782 1078 moris
796 1025 827 1080 et
840 1019 932 1095 copia
947 1019 1078 1081 Graeco-

91 1119 162 1163 rum
178 1100 340 1160 addeum:
362 1098 563 1174 gladiatorum
582 1115 695 1162 munus
709 1100 867 1163 Romanae
880 1104 1078 1165 consuetudi·

92 1188 143 1247 nis
163 1184 262 1260 primo
283 1181 401 1242 maiore
421 1198 491 1242 cunr
504 1189 623 1245 terrere
643 1183 814 1260 bominum,
835 1187 1025 1249 insuetorum
1039 1186 1080 1248 ad

93 1271 156 1332 tale
176 1268 399 1343 spectaculum,
422 1281 515 1340 quam
534 1269 692 1345 voluptate
705 1269 805 1340 dedita
826 1271 939 1332 deinde
953 1271 1079 1347 saepius

93 1352 214 1423 dando,
236 1359 267 1412 et
286 1351 379 1412 modo
399 1350 577 1412 vulneribus
599 1359 704 1428 tenus,
726 1354 818 1415 modo
845 1354 912 1416 sine
932 1353 1080 1415 missione

95 1438 196 1510 etiam,
214 1442 245 1495 et
259 1434 406 1495 familiare
420 1433 518 1495 oculis
531 1443 715 1512 gratumque
728 1436 761 1497 id
775 1439 985 1513 spectaculum
1000 1437 1080 1513 lecit,

22 1587 25 1595 ,
93 1530 126 1582 et
140 1535 293 1582 armorum
313 1518 448 1579 studium
468 1517 626 1595 plerisque
639 1519 785 1582 iuvenum
798 1521 948 1582 accendit
976 1521 1080 1596 itaque

94 1605 149 1681 qni
164 1603 262 1679 primo
277 1601 316 1662 ab
327 1602 426 1663 Roma
439 1602 559 1677 magnis
573 1602 680 1678 pretiis
695 1610 822 1679 paratos
834 1603 1021 1680 gladiatores
1032 1619 1077 1663 ar·

93 1703 221 1750 cessere
235 1687 343 1747 solitus
357 1694 430 1760 erat,
445 1685 505 1745 iam
520 1703 578 1748 suo

94 1855 148 1933 pio
169 1855 248 1914 inter
266 1854 455 1930 peregrinos.
486 1854 565 1913 XXI.
592 1853 633 1913 Μ.
653 1853 747 1915 Atilio
767 1855 901 1929 praetori
921 1854 1080 1930 provincia

95 1939 239 2002 Sardinia
253 1939 436 1999 obvenerat:
458 1938 516 1998 sed
531 1953 600 1997 eum
614 1935 736 2012 legione
750 1953 841 2010 nova,
860 1954 952 2013 quam
968 1955 1080 2000 consu·

94 2027 142 2085 les
154 2022 412 2098 conscripserant,
420 2020 558 2097 quinque
564 2020 687 2082 milibus
698 2021 834 2098 peditum
843 2021 987 2082 trecentis
994 2020 1080 2095 equi·

93 2109 193 2179 tibus,
208 2107 239 2166 in
254 2106 410 2167 Corsicam
429 2106 535 2167 iussus
549 2111 598 2166 est
611 2106 751 2167 transire.
783 2106 857 2166 dum
870 2104 899 2165 is
912 2104 953 2164 ibi
969 2105 1081 2165 bellum

94 2196 225 2266 gereret,
238 2191 377 2252 Cornelio
392 2196 589 2266 prorogatum
604 2190 776 2265 imperium,
791 2188 835 2250 uti
849 2187 999 2249 obtineret
1009 2186 1080 2249 Sar·
1163 2248 1168 2259 ,

94 2274 219 2335 diniam.
248 2275 300 2336 cn.
315 2272 447 2334 Servilio
461 2272 608 2349 caepioni
621 2272 653 2334 in
667 2271 847 2348 Hispaniam
861 2271 1036 2334 ulteriorem
1051 2275 1079 2331 et

94 2359 128 2417 Ρ.
142 2359 234 2419 Furio
248 2357 335 2418 Philo
356 2356 387 2418 in
410 2357 580 2419 citeriorem
600 2357 659 2419 tria
679 2356 762 2417 milia
775 2356 913 2432 peditum
926 2356 1077 2416 Romano·

94 2459 178 2515 rum,
201 2440 320 2518 equites
335 2447 456 2502 centum
471 2441 707 2518 quinquaginta,
729 2448 760 2502 et
780 2442 899 2502 socium
913 2439 1011 2500 Latini
1025 2454 1080 2499 no·

94 2526 185 2586 minis
207 2525 343 2603 quinque
357 2525 440 2586 milia
453 2525 605 2601 peditum,
628 2524 757 2587 umenti
772 2525 907 2600 equitem
930 2521 1034 2584 Sicilia
1046 2522 1080 2582 L.

95 2610 224 2672 claudio
240 2610 307 2671 sine
321 2611 537 2685 supplemento
552 2609 685 2670 decreta.
719 2609 798 2669 duas
812 2614 973 2685 praeterea
985 2608 1081 2683 legio·

94 2710 152 2755 nes
179 2695 325 2756 eonsules
344 2694 482 2755 scribere
505 2693 584 2755 iussi
605 2708 675 2754 cum
694 2693 775 2754 iusto
796 2708 923 2754 numero
945 2692 1081 2769 peditum

95 2779 309 2854 equitumque,
330 2786 362 2840 et
379 2778 487 2838 decern
506 2776 590 2838 milia
608 2777 746 2852 peditum
766 2775 862 2838 sociis
879 2777 1031 2851 imperare
1051 2781 1082 2835 et

96 2869 264 2924 sexcentos
280 2862 411 2937 equites.
443 2861 572 2922 dilectus
587 2860 769 2922 consulibus
785 2876 824 2922 eo
838 2859 993 2923 dilliulior
1006 2863 1080 2932 eret,

96 2947 182 3022 quod
195 2944 384 3023 pestilentia,
399 2961 480 3021 quae
493 2945 597 3021 priore
611 2959 693 3005 anno
708 2944 740 3003 in
753 2944 851 3005 boves
866 2943 1028 3017 ingruerat,
1043 2956 1081 3002 eo

94 3036 230 3090 verterat
242 3030 274 3090 in
288 3029 445 3090 boninum
459 3029 597 3090 morbos.
625 3027 678 3103 qui
692 3025 879 3100 inciderant,
894 3024 978 3087 haud
992 3024 1082 3087 tacite

95 3112 260 3189 septimum
274 3113 354 3174 diem
369 3114 574 3188 superabant;
590 3110 643 3186 qui
657 3116 890 3186 superaverant,
902 3109 1081 3186 longinquo,

94 3197 228 3257 maxime
240 3205 417 3272 quartanae,
431 3195 665 3272 implicabantur
674 3195 793 3257 morbo.
811 3192 937 3256 servitia
948 3193 1081 3255 maxime

95 3280 319 3344 moriebantnr=
342 3296 448 3342 eorum
462 3287 583 3354 strages
595 3295 651 3356 per
661 3279 847 3340 omnesvias
858 3276 1082 3353 insepultorum

96 3372 171 3426 erat.
199 3380 239 3426 ne
258 3365 425 3426 liberorum
443 3364 569 3440 quidem
583 3363 741 3425 funeribus
755 3363 884 3424 Libitina
899 3357 1081 3422 sufficiebat.

97 3449 251 3510 cadavera
263 3449 375 3510 intacta
386 3465 405 3508 a
415 3447 543 3508 canibus
555 3463 592 3508 ac
602 3447 773 3509 vulturibus
784 3448 871 3508 tabes
882 3441 1080 3509 absumebat;

96 3532 237 3610 satisque
252 3533 413 3594 constabat
425 3546 483 3592 nee
497 3531 549 3592 illo
563 3547 620 3592 nec
637 3530 741 3609 priore
751 3546 832 3592 anno
842 3530 875 3590 in
885 3533 969 3588 tanta
981 3531 1083 3598 strage
