2642 4017
291 279 408 340 LIBER
420 278 552 340 xxxix.
576 278 772 343 caeteta
788 285 824 353 [a
836 284 945 354 &1831
1085 281 1127 345 43

122 428 157 488 Ρ.
173 428 327 489 Licinius
339 426 468 488 Crassus
481 427 620 503 pontifex
633 428 784 489 maximus
799 437 936 491 mortuus
951 439 1012 508 est,
1029 433 1060 493 in
1076 449 1129 495 cn·

121 513 177 573 ius
193 514 310 573 locum
324 511 366 571 Μ.
383 511 585 588 Sempronius
599 511 768 573 Tuditanus
781 513 921 589 pontifex
939 523 988 576 est
1001 525 1127 593 coopta-

120 605 194 668 tus,
214 595 366 672 pontifex
381 596 532 657 maximos
549 603 598 657 eat
617 603 738 657 creatus
761 595 955 658 tisernitius
972 598 1127 663 centnm

120 679 158 739 Ρ.
170 679 297 740 Licinii
308 678 425 739 funeris
436 695 532 740 causa
541 678 705 741 visceratio
718 681 804 754 data,
817 688 848 742 et
857 682 1043 756 gladIatores
1057 699 1127 744 cen·

122 772 193 824 tum
210 762 329 838 viginti
344 770 572 839 pugnaverunt,
588 771 618 824 et
630 763 695 824 ludi
710 763 854 825 funebres
865 781 922 840 per
935 766 1069 828 uiduam
1083 768 1127 827 ia·

122 847 185 922 cti,
208 854 294 923 post
306 847 399 908 ludos
414 848 547 923 epulum.
575 847 606 907 in
620 862 682 922 quo
704 863 774 908 cum
793 853 858 909 toto
878 850 946 911 loro
968 858 1062 911 strata
1076 851 1126 912 tri·

122 931 227 992 clinia
245 938 369 1003 essent,
385 937 553 1007 tempestas
568 947 637 992 cum
657 931 776 1007 magnis
794 934 938 1008 procellis
953 941 1061 996 coorta
1076 950 1128 995 co·

122 1017 192 1090 egit
206 1016 388 1092 plerosque
401 1015 599 1077 tabernactda
612 1022 746 1075 statuere
756 1015 787 1075 in
803 1016 886 1077 lorea
909 1018 1018 1079 eadem
1031 1019 1126 1094 paulo

122 1107 222 1174 post,
242 1115 317 1159 cum
330 1098 467 1175 numque
481 1099 722 1171 disserenasset,
744 1099 880 1172 sublata;
902 1102 1127 1179 defunctosque

122 1184 230 1259 vulgo
256 1182 398 1243 terebant
416 1183 501 1258 quod
520 1182 599 1243 inter
624 1183 728 1243 iataiia
748 1192 835 1245 vates
855 1185 1053 1261 cecinissent,
1073 1202 1125 1248 ne·

124 1283 231 1327 cesse
245 1282 321 1327 esse
333 1266 530 1328 tabernacula
544 1267 575 1327 in
589 1268 656 1327 toro
673 1268 774 1329 statui.
803 1268 861 1329 hac
880 1270 1028 1345 religione
1043 1270 1125 1330 leva*

123 1350 169 1411 tis
185 1351 296 1411 attera
308 1351 432 1426 iniecta,
448 1351 532 1427 quod
548 1352 698 1427 sanguine
713 1366 769 1427 per
787 1351 915 1415 biduum
929 1352 1080 1429 pluvisset
1093 1353 1124 1412 in

125 1450 210 1495 area
225 1435 378 1506 Vulcan13
394 1441 424 1495 et
438 1451 494 1510 per
515 1436 708 1496 decemviros
729 1436 914 1511 supplicatio
934 1436 1049 1496 indicta
1062 1444 1127 1498 erat

127 1520 204 1579 eius
221 1518 360 1594 prodigii
375 1517 520 1595 expiandi
535 1535 639 1580 eausa.

222 1601 409 1678 Priusquam
430 1605 575 1665 consules
596 1602 626 1662 in
648 1602 827 1679 provincias
847 1601 1123 1678 proficiscerentur,

131 1686 316 1761 legationes
339 1687 556 1748 transmarinas
576 1686 608 1747 in
630 1693 771 1747 senatum
791 1685 1034 1748 introduxerunt.
1067 1703 1125 1748 nec

132 1786 290 1845 umquam
304 1777 374 1830 ante
388 1777 503 1831 mutum
516 1769 651 1846 regionis
673 1769 740 1830 eius
760 1768 916 1831 hominum
928 1772 1046 1833 Romae
1059 1772 1124 1833 iue-

132 1861 196 1913 rat
230 1871 302 1914 nam
317 1869 356 1913 ex
372 1869 433 1930 quo
450 1855 530 1915 lama
544 1860 736 1930 pergentes,
753 1868 833 1928 quae
846 1852 1058 1916 Macedoniam
1074 1869 1124 1915 ac-

135 1938 266 2012 colunt,
282 1940 406 2012 vulgata
419 1944 468 1999 est
490 1937 615 1998 erimina
639 1936 910 2014 querimoniasque
931 1938 971 1997 de
984 1936 1124 2015 Philippo

135 2036 203 2081 non
222 2022 422 2097 neglegenter
436 2021 475 2081 ab
494 2020 641 2084 Romanis
662 2020 777 2095 audin,
797 2020 900 2082 multis
922 2036 1035 2097 operae
1055 2036 1125 2096 pre·

135 2104 217 2166 tium
238 2105 335 2165 tuisse
356 2105 457 2183 queri,
487 2121 545 2181 pro
567 2121 602 2167 ae
623 2120 765 2180 quaeque
784 2104 924 2167 civitates
944 2111 1123 2181 gentesque,

138 2187 356 2264 singulietiam
370 2189 673 2266 privatim-gravis
687 2189 768 2249 enim
782 2190 890 2250 accola
905 2189 1046 2250 omnibus
1060 2196 1125 2249 erat

136 2302 183 2318 -
196 2275 331 2335 Romam
349 2273 457 2334 autad
472 2288 561 2349 spem
575 2272 726 2333 levandae
739 2272 869 2333 iniuriae
882 2280 935 2333 aut
949 2273 989 2332 ad
1004 2271 1123 2333 delien-

138 2356 203 2416 dae
218 2357 363 2418 solatium
377 2364 535 2424 venerunt
565 2364 595 2417 et
615 2357 654 2417 ab
674 2356 812 2418 Eumene
831 2371 905 2431 rege
925 2354 1037 2430 legatio
1054 2371 1123 2416 cum

138 2440 238 2501 tratre
252 2442 319 2501 eius
332 2441 491 2503 Athenaeo
508 2441 591 2502 venit
604 2441 644 2502 ad
657 2441 847 2515 querendum
858 2439 948 2499 simul
964 2439 1048 2512 quod
1062 2453 1124 2498 non

139 2524 369 2585 deducerentur
383 2540 423 2584 ex
437 2525 566 2586 Thracia
579 2525 750 2601 praesidia,
766 2523 856 2585 simui
874 2524 960 2599 quod
972 2521 1003 2581 in
1019 2520 1124 2598 Bithy·

139 2607 225 2668 niam
238 2606 365 2669 Prusiae
380 2608 494 2670 bellum
516 2609 667 2669 adversus
686 2608 853 2669 Eumenem
875 2606 992 2682 gerenti
1011 2605 1126 2667 auxilia

139 2690 240 2753 missa
261 2693 369 2752 rorent
411 2693 529 2753 XLVII.
551 2693 803 2768 respondendum
827 2690 868 2751 ad
894 2691 996 2750 omnia
1021 2689 1124 2751 iuveni

142 2779 207 2836 tum
222 2777 388 2837 admodum
401 2777 555 2839 Demetrio
570 2783 649 2850 erat,
677 2791 746 2836 cum
770 2774 853 2834 haud
869 2775 958 2835 facile
973 2781 1057 2835 esset
1072 2779 1126 2834 aut

142 2872 181 2918 ea
198 2876 280 2935 quae
294 2861 502 2934 obicerentur,
518 2867 571 2920 aut
586 2875 665 2934 quae
677 2860 828 2919 adversus
839 2874 877 2918 ea
887 2857 1019 2918 dicenda
1029 2866 1124 2931 erant,

142 2944 290 3006 memoria
300 2945 471 3020 complecti.
496 2958 553 3003 nec
565 2943 646 3003 enim
655 2944 749 3003 multa
760 2943 877 3018 solum,
891 2942 946 3002 sed
959 2941 1048 3001 etiam
1059 2941 1125 3017 ple·

142 3041 241 3103 mque
255 3028 371 3104 oppido
389 3044 480 3103 quam
495 3042 592 3104 parva
606 3033 707 3099 erant,
730 3027 769 3086 de
785 3025 994 3087 controversia
1009 3025 1123 3097 linium,

144 3109 184 3170 de
203 3110 379 3173 hominibus
399 3111 495 3186 raptis
518 3110 747 3185 pecoribusque
769 3109 901 3183 abactis,
924 3110 963 3169 de
985 3110 1052 3170 iure
1073 3112 1124 3169 aut

144 3192 224 3256 dieto
241 3211 297 3271 per
310 3194 465 3255 libidinem
487 3201 538 3255 aut
557 3209 619 3254 non
637 3192 734 3266 dicto,
757 3193 796 3253 de
815 3193 908 3254 rebus
924 3209 980 3270 per
997 3194 1057 3253 vim
1071 3199 1124 3252 aut

145 3280 340 3354 pergratiam
354 3278 505 3339 iudicatis.
534 3278 608 3338 nihil
624 3278 732 3339 horum
750 3292 853 3353 neque
868 3276 1052 3337 Demetrium
1067 3275 1122 3334 do·

146 3375 214 3422 cere
229 3362 364 3425 dilucide
384 3378 442 3423 nec
462 3378 497 3422 se
518 3361 594 3422 satis
612 3361 730 3437 liquido
752 3362 873 3422 discere
887 3361 926 3420 ab
942 3376 980 3421 eo
996 3364 1122 3420 senatus

146 3460 213 3506 cum
229 3453 367 3508 nemeret
385 3461 499 3521 posse,
522 3447 612 3507 simul
633 3452 664 3505 et
682 3445 822 3506 tirocinio
844 3452 874 3505 et
895 3440 1123 3518 perturbatione

146 3528 262 3591 iuvenis
276 3537 465 3604 moveretur,
481 3530 584 3603 quaeri
600 3528 689 3590 iussit
700 3529 738 3588 ab
754 3544 808 3605 co,
824 3541 953 3601 ecquem
965 3525 1004 3583 de
1014 3522 1063 3584 his
1074 3538 1123 3583 re·
