2642 4017
240 260 281 326 74
398 260 515 321 LIBER
527 260 589 320 XL.
612 257 696 319 cAP.
710 265 754 320 Β.
765 265 810 319 24.
821 265 866 319 25.
889 262 926 331 [ι.
938 261 974 319 U.
984 279 1009 316 c.
1020 262 1084 331 oli]

240 433 309 478 cum
324 415 442 489 aliquot
454 426 578 472 menses
592 409 716 487 egisset,
729 411 852 472 tandem
866 409 966 487 legati,
981 410 1042 472 iam
1053 419 1124 474 ante
1135 429 1225 489 prae

239 496 374 561 meditati
387 496 419 557 in
432 496 615 557 Macedonia
629 509 710 572 quae
724 495 763 556 ab
777 495 876 557 Roma
888 497 1111 570 renuntiarent,
1131 512 1224 559 vone-

238 590 325 654 runt;
348 581 400 657 qui
415 594 510 657 super
523 586 627 640 cetera
640 580 760 639 scelera
773 579 869 639 lalsas
884 578 975 638 etiam
988 580 1114 653 litteras,
1134 581 1225 656 signo

240 664 410 728 adulterino
423 664 456 722 Τ.
473 661 603 739 Quinctii
622 660 774 738 signatas,
796 662 995 723 reddiderunt
1008 663 1085 738 regi.
1114 664 1225 741 depre-

239 751 319 813 catio
340 755 407 810 erat
419 748 451 808 iu
471 748 593 822 litteris,
614 744 642 806 si
657 745 733 822 quid
754 746 940 806 adolescens
957 747 1124 822 cupiditate
1137 746 1226 824 regni

238 835 405 912 prolapsus
431 847 537 894 secum
564 829 693 905 egisset:
727 829 801 890 nibil
827 845 895 891 eum
920 830 1071 891 adversus
1097 847 1226 892 suorum

240 933 425 996 quemquam
446 918 611 986 lecturum3
638 928 742 990 neque
762 929 832 974 eum
853 929 926 975 sese
947 930 1034 988 esse,
1061 916 1114 990 qui
1132 915 1226 978 ullius

238 1002 324 1078 impii
349 999 469 1062 consilii
494 1006 601 1075 auctor
625 999 745 1059 iuturus
765 998 864 1058 videri
883 999 993 1075 possit.
1029 997 1089 1059 hae
1108 999 1227 1061 litterae

238 1086 332 1147 tidem
346 1082 450 1145 Persei
471 1081 647 1143 criminibus
670 1082 816 1143 lecerunt.
848 1082 952 1159 itaque
970 1082 1150 1145 Herodorus
1171 1098 1226 1145 ex·

238 1169 354 1244 templo
370 1167 423 1228 diu
436 1165 632 1227 excruciatus
647 1166 716 1226 sine
732 1164 845 1227 indicio
860 1166 906 1226 rei
915 1166 1007 1227 ullius
1022 1165 1054 1227 in
1063 1167 1226 1229 tormentis

238 1252 382 1313 moritur:
410 1251 517 1312 xxiv.
538 1249 724 1311 Demetrium
743 1248 852 1311 iterum
872 1250 913 1310 ad
928 1257 1048 1326 patrem
1067 1251 1227 1312 accusavit

238 1337 382 1397 Perseus.
414 1335 488 1412 luga
508 1349 565 1410 per
584 1334 749 1394 Paeoniam
769 1340 954 1410 praeparata
973 1335 1173 1410 arguebatur,
1195 1341 1228 1396 et

239 1419 376 1496 conupti
388 1420 522 1495 quidam,
534 1425 569 1479 ut
579 1417 706 1478 comites
718 1415 834 1479 itineris
846 1426 967 1491 essent;
983 1419 1116 1479 maxime
1127 1420 1227 1480 falsae

180 1520 184 1529 ·
238 1505 356 1566 litterae
369 1506 402 1564 Τ.
417 1502 548 1578 Quinctii
569 1503 727 1577 urgebant.
761 1501 835 1562 nihil
856 1508 958 1563 tamen
977 1504 1079 1578 palam
1099 1502 1226 1578 gravius

238 1589 467 1665 pronuntiatum
480 1588 521 1648 de
534 1603 572 1648 eo
588 1592 650 1662 est,
664 1593 699 1647 ut
712 1586 784 1648 dolo
798 1586 902 1662 potius
916 1586 1152 1663 interficeretur,
1166 1601 1227 1649 nec

238 1673 271 1733 id
287 1688 361 1733 cura
380 1672 495 1747 ipsius,
516 1673 573 1732 sed
595 1686 635 1731 nc
654 1686 758 1746 poena
772 1670 839 1731 eius
854 1670 983 1732 consilia
996 1670 1149 1732 adversus
1163 1671 1227 1732 Ro·

239 1772 349 1817 manos
369 1756 508 1816 nudaret.
540 1756 579 1816 ab
593 1755 815 1817 Thessalonice
828 1753 1053 1816 Demetriadem
1073 1755 1134 1832 ipsi
1155 1771 1227 1817 cum
1305 1814 1306 1825 ,

239 1840 296 1903 iter
316 1846 414 1914 esset,
437 1840 601 1900 Astraeum
613 1838 769 1901 Paeoniae
781 1838 969 1899 Demetrium
983 1838 1073 1899 mittit
1088 1855 1157 1900 cum
1172 1854 1227 1901 eo·

239 1925 309 1984 dem
325 1925 435 1984 comite
449 1923 541 1997 Dida,
561 1923 708 1984 Perseum
723 1922 921 1999 Amphipolin
936 1923 977 1984 ad
991 1922 1118 1984 obsides
1131 1923 1225 1983 Thra-
1306 1992 1307 1995 Ἴ

241 2024 310 2070 cum
330 2006 539 2084 accipiendos.
572 2005 755 2082 digredienti
774 2007 813 2066 ab
834 2023 870 2067 se
890 2007 988 2067 Didae
1008 2007 1152 2067 mandata
1172 2006 1226 2066 de·

240 2092 325 2153 disse
347 2092 457 2153 dicitur
477 2092 517 2151 de
534 2090 597 2152 lilio
612 2089 794 2151 occidendo.
822 2090 1006 2151 sacrificium
1020 2091 1059 2151 ab
1073 2090 1153 2151 Dida
1168 2105 1228 2152 scu

154 2230 156 2234 .
239 2173 409 2236 institutum
423 2190 480 2235 seu
495 2175 669 2235 simulatum
684 2178 746 2248 est,
761 2172 802 2232 ad
817 2174 902 2248 quod
918 2175 1136 2236 celebrandum
1148 2174 1227 2234 invi·

240 2265 320 2320 tatus
334 2258 506 2320 Demetrius
527 2257 566 2317 ab
580 2259 713 2319 Astraeo
728 2257 909 2317 Heracleam
924 2260 1016 2319 venit
1047 2259 1079 2320 in
1094 2274 1132 2319 ca
1148 2273 1227 2319 cena

241 2342 351 2404 dicitur
363 2359 517 2404 venenum
532 2341 645 2402 datum.
668 2339 780 2416 poculo
795 2349 889 2417 epoto
903 2344 1057 2418 extemplo
1073 2342 1180 2404 sensit.
1194 2348 1227 2402 et

240 2440 312 2490 mox
327 2428 441 2488 coortis
457 2425 625 2500 doloribus,
639 2425 747 2484 relicto
764 2425 905 2486 coummo
921 2441 989 2495 cum
1005 2426 1036 2486 in
1051 2426 1227 2488 cubiculum

238 2511 412 2587 recepisset
425 2524 512 2583 sese,
534 2509 741 2569 crudelitatem
756 2507 853 2589 patris
868 2525 1078 2585 conquerens,
1098 2508 1228 2586 parrici-

240 2596 322 2656 dium
336 2593 438 2653 lratris
452 2608 489 2653 ac
502 2591 600 2652 Didae
614 2593 718 2653 scelus
731 2593 879 2655 incusans
893 2594 1103 2669 torquebatur.
1130 2593 1227 2655 intro-

238 2676 327 2738 missi
352 2676 463 2737 deinde
481 2674 609 2752 'llrgrsis
635 2675 760 2752 quidam
784 2676 972 2738 Stuberaeus
997 2683 1028 2738 et
1046 2678 1227 2739 Beroeaeus

239 2760 415 2820 Alexander
435 2757 554 2820 iniectis
575 2760 728 2836 tapetibus
744 2760 775 2819 in
791 2768 885 2836 caput
898 2762 1068 2837 lancesque
1083 2760 1227 2837 spiritum

239 2844 482 2906 intercluserunt.
504 2844 545 2904 ita
559 2844 703 2906 innoxius
715 2846 907 2917 adolescens,
924 2861 994 2906 cum
1008 2845 1038 2905 in
1050 2861 1088 2906 eo
1100 2862 1140 2906 ne
1151 2846 1226 2906 sim-

238 2929 311 3003 plici
332 2929 456 3003 quidem
476 2944 590 3006 genere
609 2927 717 2990 mortis
738 2930 871 2990 contenti
886 2928 999 2990 inimici
1013 2928 1157 3004 luissent,
1178 2929 1225 2989 in·

237 3012 394 3073 terlicitur.
1101 3048 1105 3055 ·

323 3095 417 3157 XXV.
436 3098 515 3157 Dum
529 3097 606 3159 haec
620 3097 651 3158 iu
662 3097 845 3158 Macedonia
858 3103 1012 3175 geruntur,
1027 3098 1061 3157 L.
1073 3095 1226 3158 Aemilius

238 3179 368 3256 Paulus,
389 3189 555 3257 prorogato
577 3199 616 3242 ex
632 3183 794 3243 consulatu
808 3181 952 3257 imperio,
973 3181 1125 3257 principio
1139 3181 1225 3242 veris

238 3263 270 3324 in
289 3263 418 3339 Ligures
437 3264 592 3340 Ingaunos
618 3264 739 3327 induxit
757 3266 933 3327 exercitum.
967 3266 1020 3326 ubi
1039 3264 1172 3341 primum
1194 3265 1225 3326 in

238 3347 374 3411 hostium
387 3348 500 3410 linibus
519 3358 621 3411 castra
636 3348 755 3426 posuit,
771 3350 862 3426 legati
877 3350 918 3411 ad
932 3365 1002 3410 eum
1016 3365 1073 3425 per
1087 3350 1225 3424 speciem

240 3434 328 3508 pacis
349 3433 500 3509 petendae
513 3434 705 3509 speculatum
721 3440 878 3495 venerunt.
906 3434 1029 3508 neganti
1043 3433 1149 3494 Paullo
1164 3433 1225 3499 nist

241 3531 310 3577 cum
336 3518 446 3579 deditis
468 3515 584 3593 pacisci
604 3533 640 3578 se
664 3534 787 3594 pacem,
812 3534 873 3579 non
895 3517 1009 3578 tamid
1029 3517 1223 3589 recusabant,
