2642 4017
247 271 306 335 126
415 269 531 330 LIBER
543 269 618 330 XLl.
641 267 723 329 CAP.
738 276 782 330 24.
793 276 838 329 25.
861 273 897 341 [a.
911 273 945 325 U.
958 291 982 326 e.
993 274 1056 339 ste]

244 419 355 484 doniae
369 435 477 494 regum
490 419 597 478 merita
610 434 685 493 erga
699 435 757 480 nos
769 418 875 491 luisse,
894 425 927 479 ut
937 416 1067 494 Philippi
1078 420 1170 480 unius
1181 418 1229 480 in·
1316 472 1317 479 ,

244 505 347 578 inuias,
363 502 391 565 si
407 518 486 578 quae
502 503 579 563 lorte
594 503 724 577 luerunt,
737 500 771 540 **
785 503 891 578 ulique
905 508 978 578 post
990 510 1134 572 mortem
1158 518 1229 564 eum
1316 570 1317 573 Ἴ

245 589 356 650 classis
379 588 518 647 Romana
538 584 702 647 Cenchreis
728 592 838 658 staret,
862 587 972 646 consul
998 602 1065 647 eum
1091 587 1228 648 exercitu
1316 588 1317 615 ³

244 674 367 734 Elateae
382 680 473 744 esset,
488 669 621 729 triduum
635 685 695 730 nos
709 670 740 729 in
755 668 885 731 coneilio
898 670 995 732 luisse
1007 671 1242 745 consultantes,
1316 660 1317 701 ²

244 764 344 817 utrum
364 756 520 816 Romanos
541 767 580 812 an
599 750 771 828 Philippum
792 767 1000 828 sequeremur.
1031 753 1106 814 nibil
1126 761 1229 814 metus

244 855 395 916 praesens
416 838 455 898 ab
475 835 621 898 Romanis
641 836 808 898 sententias
835 844 958 898 nosnas
983 836 1149 898 inclinarit:
1171 836 1228 898 luit

245 930 327 985 certe
340 930 441 983 tamen
454 920 584 996 aliquid,
610 919 695 995 quod
707 927 769 981 tam
782 921 903 996 longam
919 921 1168 982 deliberationem
1182 922 1226 981 ta·

246 1013 343 1077 eeret;
364 1006 396 1066 id
413 1004 498 1080 quod
511 1011 577 1065 erat
590 1011 714 1066 vetusta
727 1003 900 1066 coniunctio
915 1020 984 1066 cum
993 1003 1227 1078 Macedonibus,

125 1104 128 1111 ‘
246 1099 351 1150 vetera
364 1095 395 1150 et
408 1103 519 1164 magna
532 1086 562 1148 in
578 1103 637 1148 nos
651 1103 758 1163 regum
772 1088 888 1149 merita.
910 1090 1032 1150 valeant
1042 1095 1072 1148 et
1082 1104 1165 1149 nunc
1175 1103 1225 1148 ea-

246 1173 315 1234 dem
330 1173 390 1247 illa,
408 1188 469 1234 non
480 1178 514 1233 ut
524 1170 692 1247 praecipue
703 1172 800 1245 amici,
817 1173 874 1233 sed
884 1188 924 1232 ne
934 1170 1099 1247 praecipue
1113 1170 1227 1233 inimici

245 1257 352 1320 minus.
374 1271 414 1316 ne
427 1256 459 1317 id
474 1256 559 1331 quod
571 1272 634 1316 non
645 1256 753 1330 agitur,
765 1255 949 1329 Callicrates,
965 1255 1226 1317 simulaverimusz

246 1356 282 1401 ac
302 1356 393 1402 nemo
415 1355 516 1400 novae
536 1339 691 1400 societatis
707 1345 760 1401 aut
773 1339 846 1401 novi
859 1339 1010 1414 foederis,
1032 1356 1094 1414 quo
1108 1355 1167 1399 nos
1181 1347 1224 1400 te·

244 1439 327 1484 mere
341 1423 501 1500 illigamus,
517 1422 734 1485 conscribendi
744 1431 793 1485 est
805 1432 927 1493 auctum
943 1424 1000 1485 sed
1011 1423 1226 1485 commercium

245 1515 361 1569 tantum
375 1506 450 1568 iuris
464 1507 633 1582 praebendi
647 1508 869 1583 repetendique
883 1508 938 1581 sit,
959 1523 998 1567 ne
1013 1507 1226 1568 interdictione

245 1591 349 1651 linium
370 1599 494 1652 nostros
510 1607 636 1667 quoque
649 1598 680 1652 et
693 1608 752 1653 nos
766 1607 862 1666 regno
877 1607 1051 1665 arceamus,
1073 1606 1113 1651 ne
1126 1591 1225 1652 servis
1270 1614 1276 1628 ·

245 1676 359 1737 nostris
381 1675 485 1757 aliquo
506 1676 613 1750 lugere
633 1676 731 1737 liceat.
762 1675 909 1750 quidhoc
923 1674 1226 1736 adversusitomana

245 1758 372 1820 foedera
395 1764 463 1819 esti
494 1758 569 1834 quid
591 1775 656 1820 rem
684 1774 811 1835 parvam
832 1766 862 1820 et
879 1764 1016 1834 apertam
1036 1765 1227 1833 magnumst

245 1850 421 1917 suspectam
443 1842 593 1904 tacimust
614 1844 688 1918 quid
708 1859 805 1904 vanos
824 1844 971 1904 tumultus
993 1843 1131 1903 ciemast
1152 1841 1226 1918 quid

245 1933 278 1987 ut
292 1927 352 2003 ipsi
369 1926 470 1987 locum
491 1926 672 1987 adsentandi
687 1928 833 1988 Romanis
854 1927 1037 2001 babeamus,
1058 1933 1225 2002 suspectos
1316 1942 1317 1997 i

245 2011 324 2071 alios
348 2010 529 2085 invisosque
553 2010 726 2071 allicimust
757 2011 784 2070 si
804 2010 1007 2086 bellassent,
1033 2026 1073 2071 ne
1092 2009 1226 2071 Perseus

246 2096 369 2170 quidem
389 2092 520 2166 dabitat,
544 2093 617 2169 quin
630 2095 789 2154 Romanos
808 2093 944 2156 secuturi
965 2095 1071 2156 simus.
1103 2094 1134 2153 in
1148 2108 1226 2169 paee

245 2179 457 2239 etiamsinon
480 2177 552 2238 odia
571 2176 729 2249 liniuntur,
750 2177 1012 2239 intermittantur.“
1044 2194 1114 2239 cum
1134 2177 1225 2238 iidem

244 2260 316 2321 huie
332 2260 475 2336 amboni,
499 2260 551 2336 qui
565 2261 673 2322 litteris
686 2261 769 2336 regis
784 2261 909 2323 adsensi
922 2269 1025 2336 erant,
1036 2261 1225 2322 adsentiren-

246 2353 302 2417 tur,
318 2345 525 2420 indignatione
537 2345 719 2418 principum,
738 2345 823 2419 quod
838 2363 930 2421 quam
942 2362 1007 2406 rem
1021 2361 1062 2406 ne
1074 2345 1226 2420 legatione
1316 2372 1317 2379 κ

246 2429 370 2505 quidem
386 2428 509 2502 dignam
522 2427 690 2487 iudicasset
698 2427 841 2504 Perseus,
855 2430 962 2492 liberis
974 2444 1143 2506 peccarim
1155 2444 1223 2489 ver-

246 2529 335 2573 suum
349 2513 531 2586 impetraret,
546 2510 703 2572 decretum
718 2511 865 2574 differtur.
887 2512 979 2589 legati
993 2514 1105 2575 deinde
1116 2517 1226 2588 postea

245 2596 331 2654 missi
350 2594 389 2654 ab
404 2609 491 2668 rege,
512 2608 581 2654 cum
594 2595 780 2672 Megalopoli
795 2598 957 2659 concilium
972 2604 1070 2668 esset;
1092 2597 1226 2670 dataque

246 2693 342 2753 opera
356 2675 511 2749 establis,
529 2678 582 2753 qui
593 2679 796 2741 offensionem
809 2681 893 2758 apud
903 2683 1060 2743 Romanos
1071 2679 1225 2753 timebant,

245 2775 285 2820 oe
298 2761 536 2824 admitterentur.

328 2844 421 2905 XXV.
443 2845 501 2907 Per
520 2845 598 2907 haec
616 2855 756 2923 tempora
768 2849 948 2910 Aetolorum
968 2849 999 2909 in
1020 2847 1225 2922 semetipsos

246 2943 354 2990 versus
375 2931 461 2991 luror
481 2931 593 2992 mutuis
608 2931 754 2993 caedibus
769 2932 811 2992 ad
825 2933 1062 2994 internecionem
1076 2931 1224 2991 adductu-

245 3028 310 3071 rus
323 3011 483 3074 videbatur
501 3021 633 3090 gentem.
665 3004 743 3078 lessi
762 3015 875 3077 deindo
897 3025 927 3078 et
946 3018 1074 3078 Romam
1094 3022 1226 3089 utraque

246 3110 318 3171 pars
338 3096 485 3159 miserunt
504 3100 638 3175 legatos,
658 3105 690 3160 et
710 3101 788 3161 inter
807 3116 843 3161 se
864 3100 924 3177 ipsi
945 3103 984 3162 de
999 3097 1226 3162 reconcilianda

245 3181 412 3241 eoncordia
431 3182 579 3256 agebant;
602 3198 682 3259 quae
703 3200 784 3246 novo
799 3185 935 3246 iocinore
950 3184 1093 3245 discussa
1106 3198 1158 3243 res
1172 3197 1225 3242 va-

245 3269 326 3324 teres
340 3264 431 3325 etiam
444 3265 506 3326 iras
518 3266 670 3327 excitavit.
694 3267 852 3329 exsulibus
863 3267 1040 3345 Hypataeis,
1056 3266 1109 3343 qul
1119 3266 1224 3326 laelio·

245 3345 293 3408 nis
307 3347 438 3410 Proxeni
452 3355 547 3422 erant,
562 3366 631 3411 eum
644 3350 762 3412 reditus
777 3352 807 3410 in
820 3353 947 3429 patriam
959 3352 1130 3427 promissus
1142 3356 1225 3410 esset
1316 3358 1317 3425 ξ

245 3430 387 3509 iidesque
407 3433 478 3493 data
498 3448 554 3508 per
568 3435 738 3510 principem
753 3434 883 3497 civitatis
897 3436 1113 3511 Eupolemum,
1139 3439 1223 3494 octo·

244 3513 328 3589 ginta
342 3518 474 3579 illustres
489 3515 644 3592 homines,
662 3518 773 3594 quibus
787 3520 986 3580 redeuntibus
1000 3519 1078 3579 inter
1093 3524 1225 3578 ceteram
