2642 4017
158 296 164 307 .
222 260 287 325 232
383 258 498 319 mom
511 257 614 318 nutv.
635 255 833 319 unumne.
852 254 1052 336 [·.u..„·oat]

223 421 349 490 umque
373 410 519 488 gloriam,
546 415 661 484 quanto
686 408 833 469 Romania
857 406 947 470 vietis
967 425 1038 470 eum
1057 414 1200 478 manebat
1232 470 1236 475 .

224 498 378 559 Eumenes
397 494 523 555 visurus
544 493 643 570 tuerit
679 492 822 553 oernebat
839 499 872 552 ot
884 491 1000 554 Peraea
1012 495 1072 554 iam
1083 495 1154 558 inde
1169 499 1211 560 ah

225 581 310 642 initio
324 579 396 640 belli
415 577 499 639 omni
519 576 612 638 modo
625 589 716 651 opem
731 577 820 651 paoio
833 583 1018 652 temptm,
1039 583 1070 638 et
1090 577 1121 640 in
1141 581 1216 643 dios.

225 663 334 740 magis,
348 678 411 740 quo
425 660 552 738 propior
566 659 781 721 admoveretur
792 665 898 734 terror,
911 659 984 720 nihii
998 675 1101 737 noque
1115 662 1210 738 ogero

226 748 311 810 aliud
325 761 427 822 neque
442 744 587 821 cogitare.
621 744 778 803 Romanos
793 758 929 819 quoquo,
950 744 1024 819 quia
1039 745 1210 808 traheretur

226 832 340 893 diutim
356 845 414 906 spo
432 827 571 905 ipsorum
587 826 715 899 betium,
738 833 773 887 et
791 827 880 901 ipooo
899 828 998 888 duoeo
1017 834 1049 888 ot
1068 837 1208 891 senatum

222 931 288 976 non
303 913 470 975 abhorrere
483 928 503 972 a
516 909 652 971 finiendo
661 918 725 971 tam
735 909 929 972 tnoomnodo
939 926 977 971 oo
988 909 1105 972 otthoni
1116 913 1208 975 heho.

225 998 285 1058 har
296 997 458 1075 uhiuoque
468 994 565 1070 partio
578 996 737 1063 voluntate
751 995 920 1070 explorata,
934 995 1021 1070 quod
1035 994 1102 1055 flori
1118 997 1207 1058 etiarn
1230 1044 1233 1047 r

226 1096 284 1141 oua
303 1084 416 1154 sponte
435 1077 537 1138 taedio
557 1077 732 1152 validioris,
757 1085 839 1139 metu
863 1077 1039 1139 infirmioris
1063 1079 1205 1143 credebat

227 1178 337 1239 posse,
360 1162 391 1221 in
415 1176 453 1223 eo
481 1176 569 1221 ouant
588 1162 714 1236 operam
731 1162 893 1223 uenditare
907 1161 1209 1237 oonoitiandogratia

227 1244 324 1322 magis
339 1244 442 1320 oupi'a.
474 1260 546 1305 nam
561 1246 653 1306 modo
672 1255 713 1303 ne
727 1244 845 1306 iuvaret
860 1246 942 1306 betto
955 1245 1112 1307 Rmmnoo
1127 1254 1208 1308 terra

225 1329 373 1406 marique,
390 1328 483 1390 modo
499 1328 586 1404 paois
600 1327 769 1403 patrandae
783 1343 853 1389 oum
867 1329 1014 1389 Romanis
1028 1327 1207 1405 paoiooeho

225 1419 275 1474 tur
288 1412 476 1473 mercedem
501 1426 541 1471 ne
559 1410 641 1472 betto
663 1411 832 1484 interesset,
848 1408 888 1451 *²*
903 1412 984 1472 mille
998 1418 1029 1471 et
1041 1413 1208 1489 quingente

225 1499 348 1558 talenta
380 1495 410 1555 in
424 1502 557 1571 auoque
576 1510 637 1556 non
653 1494 746 1555 fidem
760 1495 853 1555 modo
864 1494 904 1556 'aa
915 1496 975 1556 ned
990 1495 1116 1557 obsides
1132 1513 1207 1573 quo-

226 1595 287 1656 que
313 1581 390 1640 dare
417 1584 556 1655 paratum
584 1593 656 1639 esse
681 1578 872 1640 ostendebat.
914 1578 1047 1641 Perseus
1075 1580 1115 1641 od
1142 1597 1208 1642 rom

226 1662 430 1733 inchoandam
448 1660 696 1738 promptissimus
709 1669 775 1723 erat
790 1668 920 1738 cogamo
934 1669 1031 1737 metu,
1053 1669 1083 1722 et
1098 1664 1138 1724 de
1152 1665 1208 1725 oh·
1319 1660 1320 1663 ’

170 1778 172 1785 ‹
226 1745 345 1806 sidiboo
358 1745 549 1820 oootpiondts
563 1744 631 1805 sine
645 1745 790 1806 dilatione
804 1745 928 1821 agebat,
949 1755 1208 1823 conveneratque,

225 1827 390 1904 ataooeptl
402 1827 520 1890 Cretam
529 1828 726 1890 mitterentur.
748 1828 804 1890 uhi
816 1830 856 1890 ad
867 1830 1209 1905 peouniuemeutiouem

226 1917 349 1972 ventum
369 1918 449 1984 erat,
475 1910 517 1972 ihi
537 1913 727 1984 haesitabam
751 1919 784 1974 et
805 1913 912 1988 nuque
935 1914 1062 1974 atteram
1082 1914 1112 1976 in
1130 1912 1219 1976 tanti

226 1994 358 2056 nononis
382 1996 506 2070 regibus
529 1999 650 2072 turpem
674 2011 712 2056 ao
732 1995 890 2059 sordidam
911 2003 942 2057 et
962 1994 1045 2057 danti
1064 2005 1096 2058 et
1109 1999 1209 2074 magio

135 2152 139 2159 ι
226 2079 387 2156 accipienti
411 2081 586 2150 meroedem
608 2095 692 2141 esee.
727 2080 863 2151 ntalehat¹
883 2080 913 2140 in
938 2096 1026 2157 spmt
1047 2081 1208 2142 Romanae

228 2164 388 2239 paoianon
398 2178 545 2226 renorma
555 2164 735 2240 impensam,
749 2164 808 2224 oed
819 2178 887 2224 eom
896 2163 1060 2240 poemiam
1070 2166 1209 2239 portento

224 2262 260 2307 ro
275 2247 430 2323 datiuum,
447 2248 563 2309 interea
577 2247 796 2309 Samothracae
809 2246 970 2324 intemplo
984 2248 1207 2324 depositurum.

224 2342 264 2391 ea
276 2331 462 2396 -insutaoum
476 2331 575 2407 ipsius
589 2329 722 2393 dicionis
735 2335 828 2404 esset,
844 2331 950 2392 uidere
962 2331 1117 2393 &mures
1131 2332 1207 2394 nihii

224 2412 378 2477 interesse
387 2414 419 2475 in
429 2428 468 2474 eo
477 2431 517 2474 un
527 2413 629 2474 Pehae
642 2415 776 2489 pecunia
790 2421 882 2490 emet,
897 2415 928 2474 id
938 2429 1033 2490 agere
1043 2421 1077 2475 ut
1087 2422 1205 2491 purtem

225 2498 360 2574 ntiquom
373 2503 568 2573 praesentem
582 2497 684 2557 torret.
706 2496 949 2574 {unoquiquan
959 2499 1082 2560 huense
1094 2497 1207 2574 raptati

225 2578 299 2640 nihil
314 2585 436 2653 praeter
449 2578 603 2638 infamiam
617 2592 753 2640 movere
916 2616 919 2619 -

307 2660 415 2720 xxvt.
443 2661 507 2722 Neo
530 2662 608 2721 haee
633 2668 749 2723 tanturm
769 2662 877 2724 Persei
901 2680 958 2740 por
979 2664 1138 2727 evannum
1159 2681 1208 2728 eor

225 2743 354 2805 dimissa
373 2754 442 2818 res,
463 2758 532 2805 oum
550 2745 713 2821 pecuniam
733 2753 828 2809 tutam
845 2755 880 2809 et
897 2763 1007 2823 paoem
1018 2749 1135 2809 trahem
1150 2764 1208 2825 per

225 2827 397 2904 Eumenen,
419 2844 503 2906 quae
526 2830 576 2889 vei
599 2837 689 2905 parte
712 2829 799 2906 regni
821 2831 1001 2891 redimenda
1026 2839 1125 2904 osset,
1151 2837 1208 2894 aut

223 2909 357 2973 reiootus
373 2912 552 2988 protrahere
564 2911 721 2976 inimioutn
733 2915 876 2975 murore
889 2912 1040 2989 onustum,
1055 2923 1086 2977 et
1097 2915 1206 2992 homes

224 2993 333 3056 merito
351 2997 383 3056 ei
402 2998 558 3059 Romame
578 3004 688 3073 posset
709 2999 824 3059 saon-o:
852 2998 910 3058 aed
934 2998 995 3058 iam
1016 3005 1089 3058 aute
1109 2997 1207 3059 Gentii

224 3077 435 3154 rogioporato
455 3081 606 3152 aponius,
634 3088 666 3142 et
686 3090 752 3147 tum
778 3083 932 3142 Gallorum
957 3080 1127 3144 effusorum
1151 3097 1208 3159 per

224 3161 378 3238 illyricum
392 3163 500 3238 ingens
516 3165 650 3225 ohtomm
670 3165 817 3226 maxillam
831 3164 959 3225 avaritia
973 3164 1134 3227 dimissum
1148 3173 1206 3227 est.

223 3246 389 3307 veniebant
400 3247 509 3307 decom
521 3247 606 3307 mitia
620 3250 766 3324 equitum,
782 3264 842 3325 par
853 3264 1000 3310 uumerus
1014 3249 1162 3325 peditum,
1176 3257 1208 3312 ot

96 3372 98 3375 -
225 3330 362 3406 ipsorum
373 3329 559 3404 humentium
571 3332 791 3407 otusumequis
802 3332 1207 3409 etinuioemprotapeorum

224 3412 360 3488 equium
379 3427 498 3491 vaurms
517 3411 701 3488 capientium
722 3415 762 3475 ad
782 3430 915 3490 pugnum
930 3431 1044 3491 equor»
1078 3416 1109 3476 hi
1124 3417 1207 3492 parti

224 3503 311 3556 erant
325 3512 423 3572 eques
431 3495 531 3557 denos
543 3503 859 3571 promerueramus,
875 3498 974 3573 pedes
987 3497 1110 3574 quinos,
1122 3500 1208 3562 ,mitio
