<?xml version="1.0" encoding="UTF-8"?>
<!DOCTYPE html PUBLIC "-//W3C//DTD XHTML 1.0 Transitional//EN"
    "http://www.w3.org/TR/xhtml1/DTD/xhtml1-transitional.dtd">
<html xmlns="http://www.w3.org/1999/xhtml" xml:lang="en" lang="en">
 <head>
  <title>
</title>
<meta http-equiv="Content-Type" content="text/html;charset=utf-8" />
  <meta name='ocr-system' content='tesseract 3.04.00' />
  <meta name='ocr-capabilities' content='ocr_page ocr_carea ocr_par ocr_line ocrx_word'/>
</head>
<body>
  <div class='ocr_page' id='page_1' title='image "./aburbeconditali01mlgoog_0119.png"; bbox 0 0 2642 4017; ppageno 0'>
   <div class='ocr_carea' id='block_1_1' title="bbox 232 204 1091 298">
    <p class='ocr_par' dir='ltr' id='par_1_1' title="bbox 232 204 1091 298">
     <span class='ocr_line' id='line_1_1' title="bbox 232 204 1091 298; baseline 0.01 -17"><span class='ocrx_word' id='word_1_1' title='bbox 232 204 235 211; x_wconf 83' lang='lat'>&#39;</span> <span class='ocrx_word' id='word_1_2' title='bbox 284 221 472 283; x_wconf 78' lang='lat' dir='ltr'><strong>tisunxu.</strong></span> <span class='ocrx_word' id='word_1_3' title='bbox 495 220 747 285; x_wconf 68' lang='lat' dir='ltr'><strong>canossam.</strong></span> <span class='ocrx_word' id='word_1_4' title='bbox 771 228 927 298; x_wconf 65' lang='lat' dir='ltr'><strong>[aeaco]</strong></span> <span class='ocrx_word' id='word_1_5' title='bbox 1049 222 1091 291; x_wconf 79' lang='lat'><strong>87</strong></span> 
     </span>
    </p>
   </div>
   <div class='ocr_carea' id='block_1_2' title="bbox 107 372 1092 450">
    <p class='ocr_par' dir='ltr' id='par_1_2' title="bbox 107 372 1092 450">
     <span class='ocr_line' id='line_1_2' title="bbox 107 372 1092 450; baseline 0.006 -16"><span class='ocrx_word' id='word_1_6' title='bbox 107 375 179 446; x_wconf 86' lang='lat' dir='ltr'><strong>dati,</strong></span> <span class='ocrx_word' id='word_1_7' title='bbox 196 389 329 450; x_wconf 89' lang='lat' dir='ltr'><strong>quorum</strong></span> <span class='ocrx_word' id='word_1_8' title='bbox 344 389 384 433; x_wconf 84' lang='lat' dir='ltr'><strong>ex</strong></span> <span class='ocrx_word' id='word_1_9' title='bbox 399 372 528 434; x_wconf 88' lang='lat' dir='ltr'><strong>consilio</strong></span> <span class='ocrx_word' id='word_1_10' title='bbox 544 379 677 447; x_wconf 78' lang='lat' dir='ltr'><strong>agerent</strong></span> <span class='ocrx_word' id='word_1_11' title='bbox 709 381 863 435; x_wconf 87' lang='lat' dir='ltr'><strong>transacta</strong></span> <span class='ocrx_word' id='word_1_12' title='bbox 877 390 912 434; x_wconf 88' lang='lat' dir='ltr'><strong>re</strong></span> <span class='ocrx_word' id='word_1_13' title='bbox 926 391 995 437; x_wconf 91' lang='lat' dir='ltr'><strong>cum</strong></span> <span class='ocrx_word' id='word_1_14' title='bbox 1010 385 1092 440; x_wconf 85' lang='lat' dir='ltr'><strong>vate·</strong></span> 
     </span>
    </p>
   </div>
   <div class='ocr_carea' id='block_1_3' title="bbox 106 456 1212 533">
    <p class='ocr_par' dir='ltr' id='par_1_3' title="bbox 106 456 1212 533">
     <span class='ocr_line' id='line_1_3' title="bbox 106 456 1212 533; baseline 0.006 -17"><span class='ocrx_word' id='word_1_15' title='bbox 106 473 169 517; x_wconf 89' lang='lat' dir='ltr'><strong>rem</strong></span> <span class='ocrx_word' id='word_1_16' title='bbox 187 458 358 517; x_wconf 88' lang='lat' dir='ltr'><strong>exercitum</strong></span> <span class='ocrx_word' id='word_1_17' title='bbox 370 457 499 518; x_wconf 82' lang='lat' dir='ltr'><strong>Romam</strong></span> <span class='ocrx_word' id='word_1_18' title='bbox 514 456 726 531; x_wconf 88' lang='lat' dir='ltr'><strong>deduxissent,</strong></span> <span class='ocrx_word' id='word_1_19' title='bbox 741 457 913 533; x_wconf 85' lang='lat' dir='ltr'><strong>triumphus</strong></span> <span class='ocrx_word' id='word_1_20' title='bbox 928 459 967 519; x_wconf 91' lang='lat' dir='ltr'><strong>ab</strong></span> <span class='ocrx_word' id='word_1_21' title='bbox 983 469 1093 522; x_wconf 87' lang='lat' dir='ltr'><strong>senatu</strong></span> <span class='ocrx_word' id='word_1_22' title='bbox 1207 522 1212 531; x_wconf 84' lang='grc'><em>,</em></span> 
     </span>
    </p>
   </div>
   <div class='ocr_carea' id='block_1_4' title="bbox 67 540 1092 3543">
    <p class='ocr_par' dir='ltr' id='par_1_4' title="bbox 67 540 1092 3543">
     <span class='ocr_line' id='line_1_4' title="bbox 106 540 1091 618; baseline 0.004 -18"><span class='ocrx_word' id='word_1_23' title='bbox 106 547 154 601; x_wconf 90' lang='lat' dir='ltr'><strong>est</strong></span> <span class='ocrx_word' id='word_1_24' title='bbox 173 541 330 601; x_wconf 87' lang='lat' dir='ltr'><strong>decretus.</strong></span> <span class='ocrx_word' id='word_1_25' title='bbox 357 540 389 600; x_wconf 90' lang='lat' dir='ltr'><strong>hi</strong></span> <span class='ocrx_word' id='word_1_26' title='bbox 410 540 543 601; x_wconf 91' lang='lat' dir='ltr'><strong>omnium</strong></span> <span class='ocrx_word' id='word_1_27' title='bbox 564 540 652 615; x_wconf 91' lang='lat' dir='ltr'><strong>primi</strong></span> <span class='ocrx_word' id='word_1_28' title='bbox 673 542 756 602; x_wconf 91' lang='lat' dir='ltr'><strong>nullo</strong></span> <span class='ocrx_word' id='word_1_29' title='bbox 777 541 858 602; x_wconf 89' lang='lat' dir='ltr'><strong>bello</strong></span> <span class='ocrx_word' id='word_1_30' title='bbox 882 549 969 618; x_wconf 73' lang='lat' dir='ltr'><strong>gasto</strong></span> <span class='ocrx_word' id='word_1_31' title='bbox 989 543 1091 604; x_wconf 90' lang='lat' dir='ltr'><strong>trium·</strong></span> 
     </span>
     <span class='ocr_line' id='line_1_5' title="bbox 107 623 1092 702; baseline 0.004 -19"><span class='ocrx_word' id='word_1_32' title='bbox 107 624 250 697; x_wconf 85' lang='lat' dir='ltr'><strong>pharum.</strong></span> <span class='ocrx_word' id='word_1_33' title='bbox 272 629 390 685; x_wconf 76' lang='lat' dir='ltr'><strong>mutum</strong></span> <span class='ocrx_word' id='word_1_34' title='bbox 403 623 510 685; x_wconf 84' lang='lat' dir='ltr'><strong>hostes</strong></span> <span class='ocrx_word' id='word_1_35' title='bbox 525 623 607 685; x_wconf 89' lang='lat' dir='ltr'><strong>ducti</strong></span> <span class='ocrx_word' id='word_1_36' title='bbox 622 631 694 685; x_wconf 87' lang='lat' dir='ltr'><strong>anto</strong></span> <span class='ocrx_word' id='word_1_37' title='bbox 711 640 841 700; x_wconf 83' lang='lat' dir='ltr'><strong>currum,</strong></span> <span class='ocrx_word' id='word_1_38' title='bbox 857 625 929 700; x_wconf 87' lang='lat' dir='ltr'><strong>quia</strong></span> <span class='ocrx_word' id='word_1_39' title='bbox 939 641 997 687; x_wconf 90' lang='lat' dir='ltr'><strong>nec</strong></span> <span class='ocrx_word' id='word_1_40' title='bbox 1009 628 1092 702; x_wconf 91' lang='lat' dir='ltr'><strong>quod</strong></span> 
     </span>
     <span class='ocr_line' id='line_1_6' title="bbox 106 708 1091 784; baseline 0.007 -20"><span class='ocrx_word' id='word_1_41' title='bbox 106 709 237 768; x_wconf 84' lang='lat' dir='ltr'><strong>terretur</strong></span> <span class='ocrx_word' id='word_1_42' title='bbox 259 724 362 783; x_wconf 88' lang='lat' dir='ltr'><strong>neque</strong></span> <span class='ocrx_word' id='word_1_43' title='bbox 383 709 468 783; x_wconf 86' lang='lat' dir='ltr'><strong>quod</strong></span> <span class='ocrx_word' id='word_1_44' title='bbox 487 708 650 768; x_wconf 75' lang='lat' dir='ltr'>duceretur</span> <span class='ocrx_word' id='word_1_45' title='bbox 665 715 788 783; x_wconf 91' lang='lat' dir='ltr'><strong>captum</strong></span> <span class='ocrx_word' id='word_1_46' title='bbox 801 725 904 784; x_wconf 85' lang='lat' dir='ltr'><strong>neque</strong></span> <span class='ocrx_word' id='word_1_47' title='bbox 919 710 1003 784; x_wconf 90' lang='lat' dir='ltr'><strong>quod</strong></span> <span class='ocrx_word' id='word_1_48' title='bbox 1017 710 1091 771; x_wconf 92' lang='lat' dir='ltr'><strong>mili·</strong></span> 
     </span>
     <span class='ocr_line' id='line_1_7' title="bbox 107 789 976 867; baseline 0.001 -18"><span class='ocrx_word' id='word_1_49' title='bbox 107 789 186 851; x_wconf 91' lang='lat' dir='ltr'><strong>tibus</strong></span> <span class='ocrx_word' id='word_1_50' title='bbox 203 793 338 865; x_wconf 86' lang='lat' dir='ltr'><strong>daretur,</strong></span> <span class='ocrx_word' id='word_1_51' title='bbox 354 791 517 867; x_wconf 86' lang='lat' dir='ltr'><strong>quicquam</strong></span> <span class='ocrx_word' id='word_1_52' title='bbox 530 791 562 850; x_wconf 91' lang='lat' dir='ltr'><strong>in</strong></span> <span class='ocrx_word' id='word_1_53' title='bbox 575 789 734 867; x_wconf 84' lang='lat' dir='ltr'><strong>triumphis</strong></span> <span class='ocrx_word' id='word_1_54' title='bbox 749 807 853 853; x_wconf 88' lang='lat' dir='ltr'><strong>eorum</strong></span> <span class='ocrx_word' id='word_1_55' title='bbox 869 794 976 853; x_wconf 84' lang='lat' dir='ltr'><strong>suerat.</strong></span> 
     </span>
     <span class='ocr_line' id='line_1_8' title="bbox 187 873 1091 950; baseline 0.003 -14"><span class='ocrx_word' id='word_1_56' title='bbox 187 875 324 936; x_wconf 78' lang='lat' dir='ltr'>XXXIX.</span> <span class='ocrx_word' id='word_1_57' title='bbox 352 875 469 935; x_wconf 83' lang='lat' dir='ltr'><strong>Eodem</strong></span> <span class='ocrx_word' id='word_1_58' title='bbox 492 890 572 936; x_wconf 89' lang='lat' dir='ltr'><strong>anno</strong></span> <span class='ocrx_word' id='word_1_59' title='bbox 593 874 624 935; x_wconf 92' lang='lat' dir='ltr'><strong>in</strong></span> <span class='ocrx_word' id='word_1_60' title='bbox 645 873 796 950; x_wconf 82' lang='lat' dir='ltr'>Hispania</span> <span class='ocrx_word' id='word_1_61' title='bbox 815 875 941 938; x_wconf 86' lang='lat' dir='ltr'><strong>Fulvius</strong></span> <span class='ocrx_word' id='word_1_62' title='bbox 960 876 1091 941; x_wconf 77' lang='lat' dir='ltr'><strong>Flaccus</strong></span> 
     </span>
     <span class='ocr_line' id='line_1_9' title="bbox 105 957 1091 1037; baseline 0.002 -19"><span class='ocrx_word' id='word_1_63' title='bbox 105 960 286 1033; x_wconf 88' lang='lat' dir='ltr'><strong>proconsul,</strong></span> <span class='ocrx_word' id='word_1_64' title='bbox 303 958 375 1034; x_wconf 90' lang='lat' dir='ltr'><strong>quia</strong></span> <span class='ocrx_word' id='word_1_65' title='bbox 389 973 555 1019; x_wconf 78' lang='lat' dir='ltr'><strong>successor</strong></span> <span class='ocrx_word' id='word_1_66' title='bbox 565 958 596 1018; x_wconf 92' lang='lat' dir='ltr'><strong>in</strong></span> <span class='ocrx_word' id='word_1_67' title='bbox 610 957 800 1034; x_wconf 89' lang='lat' dir='ltr'><strong>provinciam</strong></span> <span class='ocrx_word' id='word_1_68' title='bbox 810 959 928 1022; x_wconf 88' lang='lat' dir='ltr'><strong>tardius</strong></span> <span class='ocrx_word' id='word_1_69' title='bbox 938 959 1091 1037; x_wconf 84' lang='lat' dir='ltr'><strong>veniebat,</strong></span> 
     </span>
     <span class='ocr_line' id='line_1_10' title="bbox 104 1041 1090 1120; baseline 0.006 -21"><span class='ocrx_word' id='word_1_70' title='bbox 104 1042 217 1103; x_wconf 89' lang='lat' dir='ltr'><strong>educto</strong></span> <span class='ocrx_word' id='word_1_71' title='bbox 234 1043 372 1103; x_wconf 88' lang='lat' dir='ltr'><strong>exercitu</strong></span> <span class='ocrx_word' id='word_1_72' title='bbox 388 1058 428 1102; x_wconf 88' lang='lat' dir='ltr'><strong>ex</strong></span> <span class='ocrx_word' id='word_1_73' title='bbox 443 1041 578 1103; x_wconf 86' lang='lat' dir='ltr'><strong>hibernis</strong></span> <span class='ocrx_word' id='word_1_74' title='bbox 592 1042 767 1104; x_wconf 76' lang='lat' dir='ltr'><strong>ulteriorem</strong></span> <span class='ocrx_word' id='word_1_75' title='bbox 782 1042 960 1105; x_wconf 84' lang='lat' dir='ltr'><strong>celtiberiae</strong></span> <span class='ocrx_word' id='word_1_76' title='bbox 974 1059 1090 1120; x_wconf 71' lang='lat' dir='ltr'><strong>agrum,</strong></span> 
     </span>
     <span class='ocr_line' id='line_1_11' title="bbox 103 1125 1092 1204; baseline 0.003 -20"><span class='ocrx_word' id='word_1_77' title='bbox 103 1126 185 1186; x_wconf 88' lang='lat' dir='ltr'><strong>unde</strong></span> <span class='ocrx_word' id='word_1_78' title='bbox 200 1127 243 1186; x_wconf 90' lang='lat' dir='ltr'><strong>ad</strong></span> <span class='ocrx_word' id='word_1_79' title='bbox 260 1126 445 1188; x_wconf 89' lang='lat' dir='ltr'><strong>deditionem</strong></span> <span class='ocrx_word' id='word_1_80' title='bbox 459 1142 522 1187; x_wconf 90' lang='lat' dir='ltr'><strong>non</strong></span> <span class='ocrx_word' id='word_1_81' title='bbox 535 1132 692 1201; x_wconf 85' lang='lat' dir='ltr'><strong>venerant,</strong></span> <span class='ocrx_word' id='word_1_82' title='bbox 706 1125 813 1188; x_wconf 89' lang='lat' dir='ltr'><strong>institit</strong></span> <span class='ocrx_word' id='word_1_83' title='bbox 826 1135 957 1189; x_wconf 89' lang='lat' dir='ltr'><strong>vastare.</strong></span> <span class='ocrx_word' id='word_1_84' title='bbox 980 1143 1043 1204; x_wconf 87' lang='lat' dir='ltr'><strong>qua</strong></span> <span class='ocrx_word' id='word_1_85' title='bbox 1056 1143 1092 1188; x_wconf 90' lang='lat' dir='ltr'><strong>rs</strong></span> 
     </span>
     <span class='ocr_line' id='line_1_12' title="bbox 67 1208 1092 1285; baseline 0.007 -19"><span class='ocrx_word' id='word_1_86' title='bbox 67 1219 69 1223; x_wconf 84' lang='lat'>·</span> <span class='ocrx_word' id='word_1_87' title='bbox 105 1208 233 1271; x_wconf 90' lang='lat' dir='ltr'><strong>irritavit</strong></span> <span class='ocrx_word' id='word_1_88' title='bbox 258 1209 356 1284; x_wconf 74' lang='lat' dir='ltr'><strong>magis</strong></span> <span class='ocrx_word' id='word_1_89' title='bbox 382 1225 472 1285; x_wconf 91' lang='lat' dir='ltr'><strong>quam</strong></span> <span class='ocrx_word' id='word_1_90' title='bbox 498 1210 665 1271; x_wconf 85' lang='lat' dir='ltr'><strong>conterruit</strong></span> <span class='ocrx_word' id='word_1_91' title='bbox 684 1210 804 1271; x_wconf 89' lang='lat' dir='ltr'><strong>animos</strong></span> <span class='ocrx_word' id='word_1_92' title='bbox 824 1211 1037 1282; x_wconf 68' lang='lat' dir='ltr'><strong>barbaroruma</strong></span> <span class='ocrx_word' id='word_1_93' title='bbox 1061 1219 1092 1273; x_wconf 87' lang='lat' dir='ltr'><strong>st</strong></span> 
     </span>
     <span class='ocr_line' id='line_1_13' title="bbox 105 1292 1089 1370; baseline 0.006 -21"><span class='ocrx_word' id='word_1_94' title='bbox 105 1292 182 1352; x_wconf 90' lang='lat' dir='ltr'><strong>clam</strong></span> <span class='ocrx_word' id='word_1_95' title='bbox 194 1292 384 1369; x_wconf 82' lang='lat' dir='ltr'><strong>comparatis</strong></span> <span class='ocrx_word' id='word_1_96' title='bbox 396 1293 495 1368; x_wconf 91' lang='lat' dir='ltr'><strong>copiis</strong></span> <span class='ocrx_word' id='word_1_97' title='bbox 507 1296 616 1354; x_wconf 90' lang='lat' dir='ltr'><strong>saltum</strong></span> <span class='ocrx_word' id='word_1_98' title='bbox 622 1293 817 1367; x_wconf 80' lang='lat' dir='ltr'><strong>Manlianum,</strong></span> <span class='ocrx_word' id='word_1_99' title='bbox 826 1309 881 1369; x_wconf 91' lang='lat' dir='ltr'><strong>per</strong></span> <span class='ocrx_word' id='word_1_100' title='bbox 889 1310 980 1370; x_wconf 84' lang='lat' dir='ltr'><strong>quem</strong></span> <span class='ocrx_word' id='word_1_101' title='bbox 991 1302 1089 1355; x_wconf 84' lang='lat' dir='ltr'><strong>trans·</strong></span> 
     </span>
     <span class='ocr_line' id='line_1_14' title="bbox 104 1374 1089 1451; baseline 0.006 -19"><span class='ocrx_word' id='word_1_102' title='bbox 104 1374 217 1437; x_wconf 86' lang='lat' dir='ltr'><strong>iturum</strong></span> <span class='ocrx_word' id='word_1_103' title='bbox 237 1377 407 1438; x_wconf 85' lang='lat' dir='ltr'><strong>exercitum</strong></span> <span class='ocrx_word' id='word_1_104' title='bbox 425 1378 596 1438; x_wconf 86' lang='lat' dir='ltr'><strong>Romanum</strong></span> <span class='ocrx_word' id='word_1_105' title='bbox 617 1377 693 1439; x_wconf 89' lang='lat' dir='ltr'><strong>satis</strong></span> <span class='ocrx_word' id='word_1_106' title='bbox 714 1378 866 1451; x_wconf 83' lang='lat' dir='ltr'><strong>sciebant,</strong></span> <span class='ocrx_word' id='word_1_107' title='bbox 891 1377 1089 1439; x_wconf 83' lang='lat' dir='ltr'><strong>obsederunt</strong></span> 
     </span>
     <span class='ocr_line' id='line_1_15' title="bbox 105 1457 1089 1537; baseline 0.006 -22"><span class='ocrx_word' id='word_1_108' title='bbox 105 1457 134 1516; x_wconf 88' lang='lat' dir='ltr'><strong>in</strong></span> <span class='ocrx_word' id='word_1_109' title='bbox 147 1460 331 1537; x_wconf 85' lang='lat' dir='ltr'><strong>Hispaniam</strong></span> <span class='ocrx_word' id='word_1_110' title='bbox 352 1461 526 1522; x_wconf 86' lang='lat' dir='ltr'><strong>ulteriorem</strong></span> <span class='ocrx_word' id='word_1_111' title='bbox 546 1462 629 1523; x_wconf 90' lang='lat' dir='ltr'><strong>eunti</strong></span> <span class='ocrx_word' id='word_1_112' title='bbox 647 1459 682 1520; x_wconf 87' lang='lat' dir='ltr'><strong>L.</strong></span> <span class='ocrx_word' id='word_1_113' title='bbox 696 1460 854 1523; x_wconf 87' lang='lat' dir='ltr'><strong>Postumio</strong></span> <span class='ocrx_word' id='word_1_114' title='bbox 868 1459 981 1521; x_wconf 81' lang='lat' dir='ltr'><strong>Albino</strong></span> <span class='ocrx_word' id='word_1_115' title='bbox 997 1461 1089 1521; x_wconf 76' lang='lat' dir='ltr'><strong>colle</strong></span> 
     </span>
     <span class='ocr_line' id='line_1_16' title="bbox 106 1543 1088 1619; baseline 0.002 -18"><span class='ocrx_word' id='word_1_116' title='bbox 106 1557 161 1615; x_wconf 81' lang='lat' dir='ltr'><strong>gae</strong></span> <span class='ocrx_word' id='word_1_117' title='bbox 168 1543 330 1606; x_wconf 86' lang='lat' dir='ltr'><strong>Gracchus</strong></span> <span class='ocrx_word' id='word_1_118' title='bbox 342 1546 548 1618; x_wconf 87' lang='lat' dir='ltr'><strong>mandaverat,</strong></span> <span class='ocrx_word' id='word_1_119' title='bbox 560 1551 592 1605; x_wconf 93' lang='lat' dir='ltr'><strong>ut</strong></span> <span class='ocrx_word' id='word_1_120' title='bbox 603 1543 783 1619; x_wconf 79' lang='lat' dir='ltr'><strong>QFulvium</strong></span> <span class='ocrx_word' id='word_1_121' title='bbox 794 1544 954 1604; x_wconf 71' lang='lat' dir='ltr'><strong>aestimem</strong></span> <span class='ocrx_word' id='word_1_122' title='bbox 964 1544 1088 1617; x_wconf 88' lang='lat' dir='ltr'><strong>laceret,</strong></span> 
     </span>
     <span class='ocr_line' id='line_1_17' title="bbox 106 1625 1089 1702; baseline 0.005 -19"><span class='ocrx_word' id='word_1_123' title='bbox 106 1625 311 1689; x_wconf 80' lang='lat' dir='ltr'><strong>Tarraconem</strong></span> <span class='ocrx_word' id='word_1_124' title='bbox 333 1627 501 1690; x_wconf 86' lang='lat' dir='ltr'><strong>exercitum</strong></span> <span class='ocrx_word' id='word_1_125' title='bbox 522 1628 705 1689; x_wconf 83' lang='lat' dir='ltr'><strong>adduceret:</strong></span> <span class='ocrx_word' id='word_1_126' title='bbox 727 1627 768 1688; x_wconf 87' lang='lat' dir='ltr'><strong>ibi</strong></span> <span class='ocrx_word' id='word_1_127' title='bbox 788 1625 895 1689; x_wconf 88' lang='lat' dir='ltr'><strong>dimitti</strong></span> <span class='ocrx_word' id='word_1_128' title='bbox 915 1635 1089 1702; x_wconf 76' lang='lat' dir='ltr'><strong>volumnus,</strong></span> 
     </span>
     <span class='ocr_line' id='line_1_18' title="bbox 106 1711 1090 1789; baseline 0.004 -21"><span class='ocrx_word' id='word_1_129' title='bbox 106 1714 385 1789; x_wconf 87' lang='lat' dir='ltr'><strong>supplementaque</strong></span> <span class='ocrx_word' id='word_1_130' title='bbox 399 1713 580 1773; x_wconf 87' lang='lat' dir='ltr'><strong>distribuere</strong></span> <span class='ocrx_word' id='word_1_131' title='bbox 595 1717 625 1772; x_wconf 91' lang='lat' dir='ltr'><strong>et</strong></span> <span class='ocrx_word' id='word_1_132' title='bbox 636 1711 779 1771; x_wconf 83' lang='lat' dir='ltr'><strong>ordinare</strong></span> <span class='ocrx_word' id='word_1_133' title='bbox 789 1726 911 1773; x_wconf 90' lang='lat' dir='ltr'><strong>omnam</strong></span> <span class='ocrx_word' id='word_1_134' title='bbox 922 1711 1090 1773; x_wconf 84' lang='lat' dir='ltr'><strong>exercitum</strong></span> 
     </span>
     <span class='ocr_line' id='line_1_19' title="bbox 108 1793 1088 1872; baseline 0.005 -22"><span class='ocrx_word' id='word_1_135' title='bbox 108 1797 279 1856; x_wconf 87' lang='lat' dir='ltr'><strong>sesevelle.</strong></span> <span class='ocrx_word' id='word_1_136' title='bbox 302 1796 370 1857; x_wconf 88' lang='lat' dir='ltr'><strong>dies</strong></span> <span class='ocrx_word' id='word_1_137' title='bbox 382 1811 517 1872; x_wconf 84' lang='lat' dir='ltr'><strong>quoque,</strong></span> <span class='ocrx_word' id='word_1_138' title='bbox 531 1802 562 1856; x_wconf 91' lang='lat' dir='ltr'><strong>et</strong></span> <span class='ocrx_word' id='word_1_139' title='bbox 571 1810 610 1855; x_wconf 89' lang='lat' dir='ltr'><strong>ea</strong></span> <span class='ocrx_word' id='word_1_140' title='bbox 620 1793 803 1870; x_wconf 88' lang='lat' dir='ltr'><strong>propinqua,</strong></span> <span class='ocrx_word' id='word_1_141' title='bbox 819 1795 900 1857; x_wconf 87' lang='lat' dir='ltr'><strong>edita</strong></span> <span class='ocrx_word' id='word_1_142' title='bbox 909 1794 1020 1857; x_wconf 81' lang='lat' dir='ltr'><strong>Flacco</strong></span> <span class='ocrx_word' id='word_1_143' title='bbox 1032 1802 1088 1870; x_wconf 89' lang='lat' dir='ltr'><strong>est,</strong></span> 
     </span>
     <span class='ocr_line' id='line_1_20' title="bbox 107 1877 1089 1954; baseline 0.004 -18"><span class='ocrx_word' id='word_1_144' title='bbox 107 1893 167 1949; x_wconf 88' lang='lat' dir='ltr'><strong>qua</strong></span> <span class='ocrx_word' id='word_1_145' title='bbox 180 1894 349 1941; x_wconf 78' lang='lat' dir='ltr'><strong>successor</strong></span> <span class='ocrx_word' id='word_1_146' title='bbox 359 1886 443 1941; x_wconf 88' lang='lat' dir='ltr'><strong>esset</strong></span> <span class='ocrx_word' id='word_1_147' title='bbox 454 1887 611 1940; x_wconf 83' lang='lat' dir='ltr'><strong>venturus.</strong></span> <span class='ocrx_word' id='word_1_148' title='bbox 629 1877 706 1938; x_wconf 87' lang='lat' dir='ltr'><strong>haec</strong></span> <span class='ocrx_word' id='word_1_149' title='bbox 719 1893 801 1941; x_wconf 89' lang='lat' dir='ltr'><strong>nova</strong></span> <span class='ocrx_word' id='word_1_150' title='bbox 810 1878 910 1940; x_wconf 91' lang='lat' dir='ltr'><strong>adlata</strong></span> <span class='ocrx_word' id='word_1_151' title='bbox 920 1893 982 1954; x_wconf 87' lang='lat' dir='ltr'><strong>ros,</strong></span> <span class='ocrx_word' id='word_1_152' title='bbox 998 1879 1089 1940; x_wconf 88' lang='lat' dir='ltr'><strong>omis·</strong></span> 
     </span>
     <span class='ocr_line' id='line_1_21' title="bbox 108 1959 1088 2039; baseline 0.006 -22"><span class='ocrx_word' id='word_1_153' title='bbox 108 1959 150 2018; x_wconf 88' lang='lat' dir='ltr'><strong>sis</strong></span> <span class='ocrx_word' id='word_1_154' title='bbox 166 1980 248 2037; x_wconf 88' lang='lat' dir='ltr'><strong>quae</strong></span> <span class='ocrx_word' id='word_1_155' title='bbox 267 1979 359 2038; x_wconf 78' lang='lat' dir='ltr'><strong>agere</strong></span> <span class='ocrx_word' id='word_1_156' title='bbox 377 1963 563 2035; x_wconf 87' lang='lat' dir='ltr'><strong>instituerat,</strong></span> <span class='ocrx_word' id='word_1_157' title='bbox 584 1962 727 2023; x_wconf 84' lang='lat' dir='ltr'><strong>Flaccum</strong></span> <span class='ocrx_word' id='word_1_158' title='bbox 741 1961 851 2039; x_wconf 89' lang='lat' dir='ltr'><strong>raptim</strong></span> <span class='ocrx_word' id='word_1_159' title='bbox 867 1962 1021 2023; x_wconf 82' lang='lat' dir='ltr'><strong>deducere</strong></span> <span class='ocrx_word' id='word_1_160' title='bbox 1035 1976 1088 2023; x_wconf 86' lang='lat' dir='ltr'><strong>ex·</strong></span> 
     </span>
     <span class='ocr_line' id='line_1_22' title="bbox 107 2043 1090 2121; baseline 0.004 -20"><span class='ocrx_word' id='word_1_161' title='bbox 107 2046 232 2107; x_wconf 85' lang='lat' dir='ltr'><strong>ercitum</strong></span> <span class='ocrx_word' id='word_1_162' title='bbox 244 2064 284 2107; x_wconf 87' lang='lat' dir='ltr'><strong>ex</strong></span> <span class='ocrx_word' id='word_1_163' title='bbox 295 2048 455 2108; x_wconf 82' lang='lat' dir='ltr'><strong>Celtiberia</strong></span> <span class='ocrx_word' id='word_1_164' title='bbox 466 2063 535 2109; x_wconf 92' lang='lat' dir='ltr'><strong>cum</strong></span> <span class='ocrx_word' id='word_1_165' title='bbox 547 2046 710 2121; x_wconf 78' lang='lat' dir='ltr'><strong>coegissot,</strong></span> <span class='ocrx_word' id='word_1_166' title='bbox 723 2043 846 2109; x_wconf 84' lang='lat' dir='ltr'><strong>barbari</strong></span> <span class='ocrx_word' id='word_1_167' title='bbox 857 2059 971 2109; x_wconf 88' lang='lat' dir='ltr'><strong>causae</strong></span> <span class='ocrx_word' id='word_1_168' title='bbox 981 2043 1090 2121; x_wconf 75' lang='lat' dir='ltr'><strong>ignari,</strong></span> 
     </span>
     <span class='ocr_line' id='line_1_23' title="bbox 111 2125 1089 2206; baseline 0.003 -20"><span class='ocrx_word' id='word_1_169' title='bbox 111 2138 194 2189; x_wconf 86' lang='lat' dir='ltr'><strong>suam</strong></span> <span class='ocrx_word' id='word_1_170' title='bbox 214 2131 420 2192; x_wconf 83' lang='lat' dir='ltr'><strong>delectionem</strong></span> <span class='ocrx_word' id='word_1_171' title='bbox 440 2139 470 2192; x_wconf 94' lang='lat' dir='ltr'><strong>et</strong></span> <span class='ocrx_word' id='word_1_172' title='bbox 484 2132 562 2191; x_wconf 92' lang='lat' dir='ltr'><strong>clam</strong></span> <span class='ocrx_word' id='word_1_173' title='bbox 577 2137 754 2206; x_wconf 85' lang='lat' dir='ltr'><strong>comparata</strong></span> <span class='ocrx_word' id='word_1_174' title='bbox 767 2145 853 2193; x_wconf 83' lang='lat' dir='ltr'><strong>arma</strong></span> <span class='ocrx_word' id='word_1_175' title='bbox 866 2125 1005 2191; x_wconf 80' lang='lat' dir='ltr'><strong>sensisse</strong></span> <span class='ocrx_word' id='word_1_176' title='bbox 1019 2143 1089 2189; x_wconf 87' lang='lat' dir='ltr'><strong>eum</strong></span> 
     </span>
     <span class='ocr_line' id='line_1_24' title="bbox 109 2212 1088 2290; baseline 0.004 -21"><span class='ocrx_word' id='word_1_177' title='bbox 109 2218 138 2269; x_wconf 85' lang='lat' dir='ltr'><strong>ct</strong></span> <span class='ocrx_word' id='word_1_178' title='bbox 155 2215 352 2287; x_wconf 75' lang='lat' dir='ltr'><strong>pertimuisse</strong></span> <span class='ocrx_word' id='word_1_179' title='bbox 372 2216 444 2290; x_wconf 88' lang='lat' dir='ltr'><strong>rati,</strong></span> <span class='ocrx_word' id='word_1_180' title='bbox 473 2230 511 2275; x_wconf 92' lang='lat' dir='ltr'><strong>eo</strong></span> <span class='ocrx_word' id='word_1_181' title='bbox 533 2212 668 2275; x_wconf 87' lang='lat' dir='ltr'><strong>ierocius</strong></span> <span class='ocrx_word' id='word_1_182' title='bbox 689 2215 799 2275; x_wconf 88' lang='lat' dir='ltr'><strong>saltum</strong></span> <span class='ocrx_word' id='word_1_183' title='bbox 818 2212 1007 2274; x_wconf 85' lang='lat' dir='ltr'><strong>insederunt.</strong></span> <span class='ocrx_word' id='word_1_184' title='bbox 1035 2212 1088 2273; x_wconf 91' lang='lat' dir='ltr'><strong>ubi</strong></span> 
     </span>
     <span class='ocr_line' id='line_1_25' title="bbox 108 2294 1089 2374; baseline 0.002 -20"><span class='ocrx_word' id='word_1_185' title='bbox 108 2307 175 2356; x_wconf 89' lang='lat' dir='ltr'><strong>eum</strong></span> <span class='ocrx_word' id='word_1_186' title='bbox 189 2301 302 2360; x_wconf 89' lang='lat' dir='ltr'><strong>saltum</strong></span> <span class='ocrx_word' id='word_1_187' title='bbox 315 2299 414 2374; x_wconf 90' lang='lat' dir='ltr'><strong>prima</strong></span> <span class='ocrx_word' id='word_1_188' title='bbox 427 2301 496 2360; x_wconf 89' lang='lat' dir='ltr'><strong>luce</strong></span> <span class='ocrx_word' id='word_1_189' title='bbox 509 2302 619 2372; x_wconf 79' lang='lat' dir='ltr'><strong>agmen</strong></span> <span class='ocrx_word' id='word_1_190' title='bbox 633 2299 803 2359; x_wconf 89' lang='lat' dir='ltr'><strong>Romanum</strong></span> <span class='ocrx_word' id='word_1_191' title='bbox 818 2294 949 2370; x_wconf 85' lang='lat' dir='ltr'><strong>intravit,</strong></span> <span class='ocrx_word' id='word_1_192' title='bbox 962 2303 1089 2371; x_wconf 84' lang='lat' dir='ltr'><strong>repente</strong></span> 
     </span>
     <span class='ocr_line' id='line_1_26' title="bbox 109 2379 1087 2459; baseline 0.001 -22"><span class='ocrx_word' id='word_1_193' title='bbox 109 2392 146 2437; x_wconf 85' lang='lat' dir='ltr'><strong>cx</strong></span> <span class='ocrx_word' id='word_1_194' title='bbox 161 2382 282 2443; x_wconf 86' lang='lat' dir='ltr'><strong>duabus</strong></span> <span class='ocrx_word' id='word_1_195' title='bbox 300 2383 437 2459; x_wconf 88' lang='lat' dir='ltr'><strong>partibus</strong></span> <span class='ocrx_word' id='word_1_196' title='bbox 457 2382 547 2443; x_wconf 90' lang='lat' dir='ltr'><strong>simui</strong></span> <span class='ocrx_word' id='word_1_197' title='bbox 561 2382 659 2443; x_wconf 82' lang='lat' dir='ltr'><strong>exorti</strong></span> <span class='ocrx_word' id='word_1_198' title='bbox 673 2382 780 2445; x_wconf 85' lang='lat' dir='ltr'><strong>hostes</strong></span> <span class='ocrx_word' id='word_1_199' title='bbox 794 2382 952 2442; x_wconf 84' lang='lat' dir='ltr'><strong>Romanos</strong></span> <span class='ocrx_word' id='word_1_200' title='bbox 967 2379 1087 2439; x_wconf 90' lang='lat' dir='ltr'><strong>invase·</strong></span> 
     </span>
     <span class='ocr_line' id='line_1_27' title="bbox 108 2461 1089 2542; baseline 0 -21"><span class='ocrx_word' id='word_1_201' title='bbox 108 2471 182 2525; x_wconf 89' lang='lat' dir='ltr'><strong>mnt</strong></span> <span class='ocrx_word' id='word_1_202' title='bbox 210 2467 297 2541; x_wconf 85' lang='lat' dir='ltr'><strong>quod</strong></span> <span class='ocrx_word' id='word_1_203' title='bbox 310 2467 364 2527; x_wconf 92' lang='lat' dir='ltr'><strong>ubi</strong></span> <span class='ocrx_word' id='word_1_204' title='bbox 378 2466 453 2528; x_wconf 90' lang='lat' dir='ltr'><strong>vidit</strong></span> <span class='ocrx_word' id='word_1_205' title='bbox 466 2466 610 2539; x_wconf 84' lang='lat' dir='ltr'><strong>Flaccus,</strong></span> <span class='ocrx_word' id='word_1_206' title='bbox 631 2467 748 2542; x_wconf 89' lang='lat' dir='ltr'><strong>primos</strong></span> <span class='ocrx_word' id='word_1_207' title='bbox 762 2465 907 2529; x_wconf 79' lang='lat' dir='ltr'><strong>mmultus</strong></span> <span class='ocrx_word' id='word_1_208' title='bbox 922 2462 954 2522; x_wconf 90' lang='lat' dir='ltr'><strong>iu</strong></span> <span class='ocrx_word' id='word_1_209' title='bbox 968 2461 1089 2539; x_wconf 77' lang='lat' dir='ltr'><strong>agmine</strong></span> 
     </span>
     <span class='ocr_line' id='line_1_28' title="bbox 109 2549 1090 2626; baseline 0.003 -20"><span class='ocrx_word' id='word_1_210' title='bbox 109 2549 373 2618; x_wconf 72' lang='lat' dir='ltr'><strong>permutationes</strong></span> <span class='ocrx_word' id='word_1_211' title='bbox 388 2557 470 2612; x_wconf 89' lang='lat' dir='ltr'><strong>stare</strong></span> <span class='ocrx_word' id='word_1_212' title='bbox 485 2565 606 2624; x_wconf 92' lang='lat' dir='ltr'><strong>omnes,</strong></span> <span class='ocrx_word' id='word_1_213' title='bbox 621 2566 680 2612; x_wconf 91' lang='lat' dir='ltr'><strong>suo</strong></span> <span class='ocrx_word' id='word_1_214' title='bbox 698 2564 851 2626; x_wconf 87' lang='lat' dir='ltr'><strong>quemque</strong></span> <span class='ocrx_word' id='word_1_215' title='bbox 865 2549 945 2623; x_wconf 91' lang='lat' dir='ltr'><strong>loco,</strong></span> <span class='ocrx_word' id='word_1_216' title='bbox 961 2553 992 2608; x_wconf 86' lang='lat' dir='ltr'><strong>et</strong></span> <span class='ocrx_word' id='word_1_217' title='bbox 1004 2563 1090 2609; x_wconf 86' lang='lat' dir='ltr'><strong>arma</strong></span> 
     </span>
     <span class='ocr_line' id='line_1_29' title="bbox 109 2631 1089 2709; baseline -0.003 -14"><span class='ocrx_word' id='word_1_218' title='bbox 109 2634 255 2706; x_wconf 83' lang='lat' dir='ltr'><strong>expedire</strong></span> <span class='ocrx_word' id='word_1_219' title='bbox 265 2633 400 2696; x_wconf 87' lang='lat' dir='ltr'><strong>iubendo</strong></span> <span class='ocrx_word' id='word_1_220' title='bbox 412 2633 540 2708; x_wconf 87' lang='lat' dir='ltr'><strong>sedavit,</strong></span> <span class='ocrx_word' id='word_1_221' title='bbox 555 2644 586 2696; x_wconf 92' lang='lat' dir='ltr'><strong>et</strong></span> <span class='ocrx_word' id='word_1_222' title='bbox 596 2635 726 2695; x_wconf 88' lang='lat' dir='ltr'><strong>sarcinis</strong></span> <span class='ocrx_word' id='word_1_223' title='bbox 737 2633 942 2709; x_wconf 86' lang='lat' dir='ltr'><strong>iumentisque</strong></span> <span class='ocrx_word' id='word_1_224' title='bbox 953 2631 983 2692; x_wconf 88' lang='lat' dir='ltr'><strong>in</strong></span> <span class='ocrx_word' id='word_1_225' title='bbox 994 2648 1089 2694; x_wconf 92' lang='lat' dir='ltr'><strong>unum</strong></span> 
     </span>
     <span class='ocr_line' id='line_1_30' title="bbox 109 2711 1088 2794; baseline 0.004 -22"><span class='ocrx_word' id='word_1_226' title='bbox 109 2711 206 2778; x_wconf 91' lang='lat' dir='ltr'><strong>locum</strong></span> <span class='ocrx_word' id='word_1_227' title='bbox 229 2718 344 2780; x_wconf 91' lang='lat' dir='ltr'><strong>coactis</strong></span> <span class='ocrx_word' id='word_1_228' title='bbox 358 2718 465 2794; x_wconf 89' lang='lat' dir='ltr'><strong>copias</strong></span> <span class='ocrx_word' id='word_1_229' title='bbox 482 2734 589 2779; x_wconf 86' lang='lat' dir='ltr'><strong>omnes</strong></span> <span class='ocrx_word' id='word_1_230' title='bbox 604 2719 712 2794; x_wconf 89' lang='lat' dir='ltr'><strong>partim</strong></span> <span class='ocrx_word' id='word_1_231' title='bbox 727 2717 796 2794; x_wconf 87' lang='lat' dir='ltr'><strong>ipse</strong></span> <span class='ocrx_word' id='word_1_232' title='bbox 811 2717 919 2793; x_wconf 86' lang='lat' dir='ltr'><strong>partim</strong></span> <span class='ocrx_word' id='word_1_233' title='bbox 934 2732 991 2792; x_wconf 86' lang='lat' dir='ltr'><strong>per</strong></span> <span class='ocrx_word' id='word_1_234' title='bbox 1005 2719 1088 2791; x_wconf 74' lang='lat' dir='ltr'><strong>lega·</strong></span> 
     </span>
     <span class='ocr_line' id='line_1_31' title="bbox 110 2798 1088 2880; baseline 0.006 -26"><span class='ocrx_word' id='word_1_235' title='bbox 110 2802 156 2858; x_wconf 90' lang='lat' dir='ltr'><strong>tos</strong></span> <span class='ocrx_word' id='word_1_236' title='bbox 169 2802 373 2878; x_wconf 88' lang='lat' dir='ltr'><strong>tribunosque</strong></span> <span class='ocrx_word' id='word_1_237' title='bbox 389 2802 529 2873; x_wconf 83' lang='lat' dir='ltr'><strong>militum,</strong></span> <span class='ocrx_word' id='word_1_238' title='bbox 550 2809 583 2863; x_wconf 92' lang='lat' dir='ltr'><strong>ut</strong></span> <span class='ocrx_word' id='word_1_239' title='bbox 595 2809 732 2880; x_wconf 90' lang='lat' dir='ltr'><strong>tempus,</strong></span> <span class='ocrx_word' id='word_1_240' title='bbox 754 2808 788 2861; x_wconf 91' lang='lat' dir='ltr'><strong>ut</strong></span> <span class='ocrx_word' id='word_1_241' title='bbox 801 2802 890 2861; x_wconf 90' lang='lat' dir='ltr'><strong>locus</strong></span> <span class='ocrx_word' id='word_1_242' title='bbox 904 2798 1088 2875; x_wconf 81' lang='lat' dir='ltr'><strong>postulabat,</strong></span> 
     </span>
     <span class='ocr_line' id='line_1_32' title="bbox 104 2880 1089 2962; baseline 0.009 -27"><span class='ocrx_word' id='word_1_243' title='bbox 104 2880 173 2943; x_wconf 75' lang='lat' dir='ltr'><strong>vsine</strong></span> <span class='ocrx_word' id='word_1_244' title='bbox 185 2886 250 2946; x_wconf 91' lang='lat' dir='ltr'><strong>ulla</strong></span> <span class='ocrx_word' id='word_1_245' title='bbox 264 2885 466 2962; x_wconf 84' lang='lat' dir='ltr'><strong>trepidatione</strong></span> <span class='ocrx_word' id='word_1_246' title='bbox 485 2886 641 2961; x_wconf 87' lang='lat' dir='ltr'><strong>instruxit,</strong></span> <span class='ocrx_word' id='word_1_247' title='bbox 662 2901 732 2946; x_wconf 90' lang='lat' dir='ltr'><strong>cum</strong></span> <span class='ocrx_word' id='word_1_248' title='bbox 747 2883 795 2945; x_wconf 89' lang='lat' dir='ltr'><strong>bis</strong></span> <span class='ocrx_word' id='word_1_249' title='bbox 810 2884 921 2944; x_wconf 87' lang='lat' dir='ltr'><strong>deditis</strong></span> <span class='ocrx_word' id='word_1_250' title='bbox 938 2898 1003 2944; x_wconf 89' lang='lat' dir='ltr'><strong>rem</strong></span> <span class='ocrx_word' id='word_1_251' title='bbox 1016 2898 1089 2944; x_wconf 88' lang='lat' dir='ltr'><strong>esse</strong></span> 
     </span>
     <span class='ocr_line' id='line_1_33' title="bbox 110 2965 1087 3045; baseline 0 -18"><span class='ocrx_word' id='word_1_252' title='bbox 110 2965 286 3044; x_wconf 74' lang='lat' dir='ltr'><strong>admonens,</strong></span> <span class='ocrx_word' id='word_1_253' title='bbox 302 2971 405 3031; x_wconf 90' lang='lat' dir='ltr'><strong>scelus</strong></span> <span class='ocrx_word' id='word_1_254' title='bbox 420 2978 451 3030; x_wconf 89' lang='lat' dir='ltr'><strong>et</strong></span> <span class='ocrx_word' id='word_1_255' title='bbox 464 2969 624 3045; x_wconf 81' lang='lat' dir='ltr'><strong>perfidiam</strong></span> <span class='ocrx_word' id='word_1_256' title='bbox 638 2969 707 3045; x_wconf 91' lang='lat' dir='ltr'><strong>illis,</strong></span> <span class='ocrx_word' id='word_1_257' title='bbox 721 2983 784 3028; x_wconf 90' lang='lat' dir='ltr'><strong>nou</strong></span> <span class='ocrx_word' id='word_1_258' title='bbox 798 2968 940 3028; x_wconf 86' lang='lat' dir='ltr'><strong>virtutem</strong></span> <span class='ocrx_word' id='word_1_259' title='bbox 952 2983 1011 3028; x_wconf 89' lang='lat' dir='ltr'><strong>nac</strong></span> <span class='ocrx_word' id='word_1_260' title='bbox 1025 2968 1087 3027; x_wconf 89' lang='lat' dir='ltr'><strong>ani·</strong></span> 
     </span>
     <span class='ocr_line' id='line_1_34' title="bbox 111 3049 1089 3128; baseline 0.003 -21"><span class='ocrx_word' id='word_1_261' title='bbox 111 3061 188 3112; x_wconf 91' lang='lat' dir='ltr'><strong>mum</strong></span> <span class='ocrx_word' id='word_1_262' title='bbox 202 3055 393 3127; x_wconf 88' lang='lat' dir='ltr'><strong>accessisse,</strong></span> <span class='ocrx_word' id='word_1_263' title='bbox 407 3053 539 3114; x_wconf 86' lang='lat' dir='ltr'><strong>reditum</strong></span> <span class='ocrx_word' id='word_1_264' title='bbox 552 3053 719 3128; x_wconf 76' lang='lat' dir='ltr'><strong>ignobilem</strong></span> <span class='ocrx_word' id='word_1_265' title='bbox 733 3052 763 3112; x_wconf 91' lang='lat' dir='ltr'><strong>in</strong></span> <span class='ocrx_word' id='word_1_266' title='bbox 779 3049 908 3127; x_wconf 90' lang='lat' dir='ltr'><strong>patriam</strong></span> <span class='ocrx_word' id='word_1_267' title='bbox 923 3053 1038 3114; x_wconf 90' lang='lat' dir='ltr'><strong>clarum</strong></span> <span class='ocrx_word' id='word_1_268' title='bbox 1051 3065 1089 3111; x_wconf 91' lang='lat' dir='ltr'><strong>ao</strong></span> 
     </span>
     <span class='ocr_line' id='line_1_35' title="bbox 111 3135 1089 3199; baseline 0.002 -7"><span class='ocrx_word' id='word_1_269' title='bbox 111 3137 335 3198; x_wconf 86' lang='lat' dir='ltr'><strong>memorabilem</strong></span> <span class='ocrx_word' id='word_1_270' title='bbox 356 3154 411 3199; x_wconf 89' lang='lat' dir='ltr'><strong>eos</strong></span> <span class='ocrx_word' id='word_1_271' title='bbox 427 3136 486 3198; x_wconf 90' lang='lat' dir='ltr'><strong>sibi</strong></span> <span class='ocrx_word' id='word_1_272' title='bbox 499 3137 627 3198; x_wconf 71' lang='lat' dir='ltr'><strong>fecisses</strong></span> <span class='ocrx_word' id='word_1_273' title='bbox 649 3143 793 3197; x_wconf 89' lang='lat' dir='ltr'><strong>cruentos</strong></span> <span class='ocrx_word' id='word_1_274' title='bbox 807 3150 848 3197; x_wconf 84' lang='lat' dir='ltr'><strong>ex</strong></span> <span class='ocrx_word' id='word_1_275' title='bbox 861 3136 977 3197; x_wconf 91' lang='lat' dir='ltr'><strong>recenti</strong></span> <span class='ocrx_word' id='word_1_276' title='bbox 992 3135 1089 3195; x_wconf 90' lang='lat' dir='ltr'><strong>caede</strong></span> 
     </span>
     <span class='ocr_line' id='line_1_36' title="bbox 110 3210 1089 3297; baseline 0.003 -22"><span class='ocrx_word' id='word_1_277' title='bbox 110 3210 239 3281; x_wconf 91' lang='lat' dir='ltr'><strong>hostium</strong></span> <span class='ocrx_word' id='word_1_278' title='bbox 259 3220 381 3297; x_wconf 68' lang='lat' dir='ltr'><strong>gladios</strong></span> <span class='ocrx_word' id='word_1_279' title='bbox 401 3229 432 3282; x_wconf 87' lang='lat' dir='ltr'><strong>et</strong></span> <span class='ocrx_word' id='word_1_280' title='bbox 451 3221 604 3283; x_wconf 88' lang='lat' dir='ltr'><strong>manantia</strong></span> <span class='ocrx_word' id='word_1_281' title='bbox 625 3220 777 3296; x_wconf 80' lang='lat' dir='ltr'><strong>sanguina</strong></span> <span class='ocrx_word' id='word_1_282' title='bbox 791 3218 892 3295; x_wconf 91' lang='lat' dir='ltr'><strong>spolia</strong></span> <span class='ocrx_word' id='word_1_283' title='bbox 904 3221 1034 3281; x_wconf 88' lang='lat' dir='ltr'><strong>Romam</strong></span> <span class='ocrx_word' id='word_1_284' title='bbox 1048 3217 1089 3278; x_wconf 91' lang='lat' dir='ltr'><strong>ad</strong></span> 
     </span>
     <span class='ocr_line' id='line_1_37' title="bbox 111 3298 1088 3390; baseline -0.001 -27"><span class='ocrx_word' id='word_1_285' title='bbox 111 3298 291 3390; x_wconf 63' lang='lat' dir='ltr'><strong>triumphum</strong></span> <span class='ocrx_word' id='word_1_286' title='bbox 312 3306 478 3366; x_wconf 86' lang='lat' dir='ltr'><strong>delaturos.</strong></span> <span class='ocrx_word' id='word_1_287' title='bbox 514 3305 603 3381; x_wconf 90' lang='lat' dir='ltr'><strong>plura</strong></span> <span class='ocrx_word' id='word_1_288' title='bbox 617 3305 677 3366; x_wconf 88' lang='lat' dir='ltr'><strong>dici</strong></span> <span class='ocrx_word' id='word_1_289' title='bbox 690 3313 811 3379; x_wconf 88' lang='lat' dir='ltr'><strong>tempus</strong></span> <span class='ocrx_word' id='word_1_290' title='bbox 825 3320 887 3365; x_wconf 91' lang='lat' dir='ltr'><strong>non</strong></span> <span class='ocrx_word' id='word_1_291' title='bbox 901 3302 1088 3379; x_wconf 85' lang='lat' dir='ltr'><strong>patiebatur=</strong></span> 
     </span>
     <span class='ocr_line' id='line_1_38' title="bbox 112 3386 1088 3465; baseline 0.003 -26"><span class='ocrx_word' id='word_1_292' title='bbox 112 3388 290 3449; x_wconf 74' lang='lat' dir='ltr'><strong>invehebant</strong></span> <span class='ocrx_word' id='word_1_293' title='bbox 304 3405 339 3449; x_wconf 88' lang='lat' dir='ltr'><strong>se</strong></span> <span class='ocrx_word' id='word_1_294' title='bbox 354 3390 476 3462; x_wconf 88' lang='lat' dir='ltr'><strong>hostes,</strong></span> <span class='ocrx_word' id='word_1_295' title='bbox 497 3397 528 3450; x_wconf 92' lang='lat' dir='ltr'><strong>et</strong></span> <span class='ocrx_word' id='word_1_296' title='bbox 541 3388 572 3449; x_wconf 91' lang='lat' dir='ltr'><strong>in</strong></span> <span class='ocrx_word' id='word_1_297' title='bbox 586 3389 724 3465; x_wconf 90' lang='lat' dir='ltr'><strong>partibus</strong></span> <span class='ocrx_word' id='word_1_298' title='bbox 738 3389 882 3450; x_wconf 86' lang='lat' dir='ltr'><strong>extremis</strong></span> <span class='ocrx_word' id='word_1_299' title='bbox 898 3386 957 3447; x_wconf 89' lang='lat' dir='ltr'><strong>iam</strong></span> <span class='ocrx_word' id='word_1_300' title='bbox 971 3399 1088 3459; x_wconf 74' lang='lat' dir='ltr'><strong>pugna·</strong></span> 
     </span>
     <span class='ocr_line' id='line_1_39' title="bbox 112 3459 1087 3543; baseline 0 -17"><span class='ocrx_word' id='word_1_301' title='bbox 112 3459 204 3530; x_wconf 87' lang='lat' dir='ltr'><strong>batur.</strong></span> <span class='ocrx_word' id='word_1_302' title='bbox 219 3473 338 3533; x_wconf 89' lang='lat' dir='ltr'><strong>Deinde</strong></span> <span class='ocrx_word' id='word_1_303' title='bbox 349 3473 432 3534; x_wconf 88' lang='lat' dir='ltr'><strong>acies</strong></span> <span class='ocrx_word' id='word_1_304' title='bbox 445 3480 674 3534; x_wconf 89' lang='lat' dir='ltr'><strong>concurrerunt.</strong></span> <span class='ocrx_word' id='word_1_305' title='bbox 696 3472 757 3533; x_wconf 88' lang='lat' dir='ltr'><strong>XL.</strong></span> <span class='ocrx_word' id='word_1_306' title='bbox 773 3479 860 3532; x_wconf 84' lang='lat' dir='ltr'><strong>atrox</strong></span> <span class='ocrx_word' id='word_1_307' title='bbox 872 3468 988 3543; x_wconf 87' lang='lat' dir='ltr'><strong>ubique</strong></span> <span class='ocrx_word' id='word_1_308' title='bbox 999 3481 1087 3542; x_wconf 77' lang='lat' dir='ltr'><strong>proc</strong></span> 
     </span>
    </p>
   </div>
   <div class='ocr_carea' id='block_1_5' title="bbox 0 0 1328 4017">
    <p class='ocr_par' dir='ltr' id='par_1_5' title="bbox 0 0 1328 4017">
     <span class='ocr_line' id='line_1_40' title="bbox 0 0 1328 4017; baseline 0 0"><span class='ocrx_word' id='word_1_309' title='bbox 0 0 1328 4017; x_wconf 95' lang='lat' dir='ltr'><strong> </strong></span> 
     </span>
    </p>
   </div>
  </div>
 </body>
</html>
