2642 4017
415 670 560 766 'll'll
597 671 742 768 livi

371 820 425 882 AB
453 820 569 883 URBE
598 819 802 885 CONDITA

452 938 564 1001 LIBER
583 936 715 1000 xxxix.

134 1140 261 1192 moilla.
281 1141 451 1193 illuminas
469 1143 558 1193 consul
575 1142 712 1209 Liguribus
729 1143 841 1193 subsella
857 1145 925 1195 riam
941 1146 1072 1200 aPlaceu·

147 1211 282 1273 titusque
300 1209 333 1259 ed
342 1210 484 1261 Ariminum
495 1214 645 1279 perductam
653 1211 891 1264 Flaminiseiuuxit.
919 1214 1072 1268 initiaiuau·

146 1280 197 1328 riae
212 1280 239 1328 in
247 1278 339 1329 urbem
351 1279 494 1329 introducto
507 1282 539 1333 ab
548 1283 660 1332 exercitu
668 1282 781 1333 Asiatico
794 1279 943 1336 referuntur.

147 1348 300 1410 quicumque
318 1349 381 1397 citra
399 1347 559 1414 Apenninum
576 1359 661 1416 eraut,
680 1351 778 1401 subacti
795 1356 862 1401 sunt.
895 1349 1073 1414 &cedwalla

146 1428 244 1465 sacrum
258 1413 382 1466 Grannum
400 1423 425 1466 et
441 1425 605 1480 nocturnum,
629 1419 753 1469 scelerum
771 1420 884 1469 omnium
900 1417 1072 1485 seminarium,

149 1499 209 1567 cnm·
220 1484 256 1534 sd
274 1484 384 1550 ingentis
399 1485 488 1535 turbae
505 1487 704 1540 coniurationem
711 1488 877 1554 pervenisset,
896 1501 913 1536 a
923 1488 1073 1539 consulein·

148 1552 750 1690 llllmmilmlll‘liolilmclllimi
764 1563 825 1674 tit
841 1569 866 1672 i
878 1557 1074 1690 &dliii

149 1691 269 1754 mammo,
288 1697 372 1740 motus
388 1697 426 1740 est
443 1699 533 1742 senatu
550 1692 579 1742 L.
599 1692 730 1752 Quinctius
747 1691 903 1743 Flamininus
918 1692 946 1745 Τ.
967 1691 1074 1753 Οιιίυαιὶ

149 1757 234 1819 frater,
254 1773 286 1808 co
303 1758 372 1822 quod
390 1773 447 1809 cum
464 1759 570 1811 Gallium
587 1762 744 1826 provinciam
762 1758 849 1811 consul
867 1761 1017 1827 obtinuerat,
1034 1778 1074 1814 ro·

149 1835 222 1891 gatus
237 1828 267 1877 in
284 1827 399 1878 convivio
418 1843 434 1876 c
450 1828 567 1895 Philippo
584 1828 684 1894 Poeno,
703 1842 778 1891 quem
796 1829 911 1894 amabat,
928 1839 1012 1881 scorto
1029 1845 1074 1882 uo·

148 1896 200 1962 iili,
217 1894 321 1947 Gallum
338 1896 464 1959 quendam
482 1911 530 1947 suu
546 1912 624 1947 mauu
641 1896 778 1955 occiderst3
795 1897 849 1947 alre
865 1905 893 1946 ut
909 1898 1012 1960 quidam
1024 1906 1074 1948 tre·

136 1964 282 2032 diluunt,
304 1980 384 2015 unum
401 1981 434 2015 ex
451 1966 575 2016 damnatis
592 1965 674 2017 semri
690 1971 850 2030 percusserant
866 1973 970 2030 rogatus
989 1981 1005 2015 a
1021 1980 1074 2016 me

137 2035 236 2085 'rotrico
258 2033 418 2094 Placentina,
442 2034 514 2084 cuius
535 2048 621 2085 amore
644 2034 784 2099 deperibat.
818 2040 900 2084 exsut
917 2033 951 2087 il.
971 2032 1074 2084 Catonis

148 2102 225 2152 oratio
241 2105 271 2154 in
287 2118 354 2153 eum.
374 2100 459 2168 Scipio
469 2102 564 2154 Literni
578 2103 696 2163 decessit,
714 2110 738 2153 et
751 2108 879 2166 tamquam
890 2102 1011 2168 iurgante
1023 2101 1074 2154 lor·

147 2177 206 2221 tuna
224 2174 293 2222 circu
308 2171 376 2222 idem
393 2178 493 2237 tempus
516 2172 566 2222 duo
583 2170 672 2222 lunera
689 2172 855 2222 maximorum
871 2171 990 2237 virorum,
1007 2170 1074 2221 lian-

150 2239 216 2290 nibul
234 2256 252 2291 a
269 2239 357 2289 Prusls
373 2238 507 2306 Bithyniae
524 2254 601 2305 rege,
619 2239 652 2289 ad
670 2255 743 2302 quem
761 2242 828 2291 ricto
844 2238 969 2289 Antiocho
987 2239 1073 2290 conlu-

146 2316 228 2372 gerat,
255 2323 313 2358 cum
334 2307 468 2359 dcderetur
483 2307 615 2367 Romanis,
637 2309 681 2371 qui
698 2308 732 2358 ad
749 2306 939 2374 exposcendum
955 2306 1026 2357 illum
1042 2309 1073 2359 Τ.

150 2375 292 2435 Quinotium
311 2377 479 2428 Flamininum
503 2377 636 2437 miserm,
664 2391 760 2428 veneno
781 2376 831 2427 sibl
852 2381 959 2425 mortem
976 2376 1074 2425 coned-

147 2445 190 2494 vlt.
214 2445 397 2512 Philopoemen
415 2461 517 2510 quoquc
535 2446 587 2497 dux
595 2445 763 2510 Achaeorum,
781 2444 821 2497 vir
832 2444 965 2504 maximus,
983 2443 1074 2494 alles·

148 2515 224 2566 seniis
243 2516 342 2565 occisus
360 2529 472 2580 veneno,
497 2529 553 2564 cum
571 2515 603 2564 ab
620 2515 652 2564 lis
667 2514 733 2564 bello
751 2521 841 2633 captus
860 2519 936 2562 essct.
962 2511 1074 2563 coloniae

147 2580 261 2634 Potentia
278 2591 303 2635 et
319 2583 451 2634 Pisaurum
470 2589 495 2632 et
516 2584 612 2633 Mutine
627 2590 652 2633 et
667 2584 757 2633 Parma
792 2581 896 2633 eductae
912 2587 979 2635 sunt.
1001 2595 1074 2647 pree-

147 2657 214 2703 terea
231 2667 273 2702 res
291 2653 413 2704 adversus
423 2651 561 2703 Celtiberos
578 2666 700 2717 prospere
717 2657 803 2717 gestas
815 2656 839 2700 ct
853 2649 926 2699 luitis
934 2664 1074 2713 musasque

149 2719 207 2772 belli
222 2721 381 2772 Macedonici
399 2721 523 2780 continet;
541 2721 613 2771 canius
631 2721 703 2786 origo
719 2720 780 2770 lude
796 2719 877 2782 duxit,
894 2718 964 2781 quod
980 2718 1074 2783 Philip·

149 2801 195 2851 pus
212 2804 290 2856 aegrc
308 2790 405 2841 ferebat
426 2803 533 2855 regnum
549 2803 624 2840 suum
641 2789 756 2839 imminui
772 2803 788 2838 a
805 2786 941 2852 Romania,
966 2794 991 2837 et
1006 2787 1076 2851 quod

151 2866 280 2923 cogeretur
296 2874 312 2907 a
328 2858 467 2909 Thracibus
484 2856 591 2920 aliisque
606 2857 669 2907 locis
687 2856 815 2922 pracsidio
833 2855 966 2906 deducere.

182 2960 203 3018 l.
232 2960 418 3035 Dumnaco,
444 2960 578 3021 simodo
597 2959 657 3020 hoc
673 2974 752 3020 anuo
768 2961 939 3028 aelosani,
959 2953 1075 3015 Romae

105 3052 237 3118 amotum,
255 3045 401 3105 consules
416 3043 507 3103 ambo
522 3041 552 3102 in
565 3043 728 3118 Liguribus
743 3038 891 3115 gerebant
903 3036 1025 3097 bellum.
1048 3037 1075 3097 is

106 3118 196 3187 hostis
210 3130 294 3190 velut
309 3135 400 3189 nutus
415 3127 455 3187 ed
469 3126 683 3187 continendam
699 3126 777 3186 inter
790 3136 970 3196 magnorum
984 3120 1074 3182 inter·

107 3208 178 3268 vulla
196 3211 345 3273 bellonam
362 3210 509 3271 Romanis
527 3208 688 3271 militarem
707 3206 901 3281 disciplinam
915 3210 995 3274 erct3
1018 3219 1076 3263 nec

107 3288 159 3350 clio
179 3293 337 3368 provincio
357 3294 481 3355 militem
501 3293 599 3369 magis
621 3294 661 3354 ad
678 3292 818 3353 virtutem
837 3287 973 3348 acuebat.
1005 3302 1075 3346 narn

108 3370 174 3434 Asin
187 3385 217 3438 et
230 3376 412 3438 amoenitate
429 3377 549 3438 urbium
563 3383 594 3438 ct
608 3377 699 3452 copia
712 3372 899 3435 terrestrium
914 3370 1074 3429 maritime·

108 3465 227 3534 itimque
246 3476 347 3521 rerum
363 3467 393 3520 et
407 3461 531 3521 mollitio
544 3459 678 3521 hostium
692 3458 847 3533 regiisque
861 3453 973 3528 opibus
987 3449 1074 3510 ditio·

108 3542 413 3687 Νὓτᾳὲῗῑηρὶοέἑίᾙοε
429 3543 580 3604 exercitus
596 3543 735 3603 iaciebat.
768 3538 933 3682 prucclipue
948 3532 1006 3593 sub
1021 3532 1080 3604 im<
