2642 4017
266 292 381 353 LIBER
390 292 452 353 XL.
479 293 562 353 CAP.
574 301 619 357 Ii.
629 301 674 356 48·
687 302 721 356 49
744 301 780 369 [e.
792 300 825 354 0·
838 303 900 370 lte]
1018 298 1060 361 95

80 446 174 507 visere
188 443 293 517 velint,
307 459 369 520 quo
385 443 516 505 certiora
530 444 570 503 ad
585 460 660 505 suos
674 446 816 520 reserant,
831 455 1014 522 potestatem
1024 467 1061 513 se

79 530 120 591 eis
134 530 287 590 iacturum
301 541 382 589 esse.
410 527 594 603 tribunoque
608 527 734 589 militum
748 527 891 605 imperat,
912 540 947 592 ut
959 537 1060 595 ornari

79 626 180 677 omnes
205 610 317 687 copias
339 611 476 687 peditum
500 609 699 688 equitumque
719 619 748 672 el
768 613 934 675 decurrere
958 617 1061 679 iubeat
1170 644 1181 655 r

79 704 215 757 armatas.
240 694 279 755 ab
293 695 354 755 hoc
368 694 547 770 spectaculo
559 696 649 770 legati
661 695 749 757 missi
761 697 973 761 deterruerunt
983 717 1060 763 suos

78 780 113 841 ab
123 778 240 840 auxilio
253 779 478 840 circumsessae
487 779 556 838 urbi
568 779 705 841 ferendo.
728 780 876 856 oppidani
888 798 957 844 cum
971 785 1059 859 ignes

78 871 162 925 noete
180 878 198 923 e
219 863 356 925 tmribus
378 861 580 938 nequiquam,
611 863 696 939 quod
722 862 843 938 signum
864 877 1059 941 convenerat

78 948 290 1020 sustulissent,
312 945 448 1007 destituti
469 946 507 1006 ab
531 947 622 1007 unica
636 960 696 1023 spe
709 948 814 1009 auxilii
828 949 857 1009 in
874 949 1060 1013 deditionem

76 1037 233 1092 venerunt.
256 1029 430 1091 sestertium
445 1036 554 1105 quater
567 1037 599 1091 et
608 1029 727 1091 violens
741 1032 781 1092 ab
796 1032 832 1093 iis
848 1040 897 1094 est
909 1042 1061 1111 exactum,

78 1113 280 1191 quadraginta
300 1111 481 1174 nobilissimi
496 1114 631 1189 equites,
655 1130 713 1175 neo
727 1115 869 1178 obsidum
886 1119 1062 1181 nomine-

77 1215 143 1259 nam
167 1197 301 1259 militare
319 1198 396 1260 iussi
416 1204 555 1271 sunt-,
578 1204 609 1257 et
628 1207 728 1260 umen
750 1215 784 1259 re
804 1199 874 1276 ipsa
894 1209 928 1262 ut
948 1202 1061 1280 pignus

78 1283 145 1343 iidei
160 1288 278 1343 essent·
871 1336 879 1349 .

157 1365 293 1427 XLVIII.
317 1364 391 1424 Inde
405 1365 466 1425 iem
482 1365 570 1426 duxit
583 1365 624 1426 ad
637 1366 735 1426 Alcen
748 1366 872 1442 urbem,
893 1368 946 1429 ubi
959 1376 1059 1431 castr·

80 1449 298 1511 celtiberorum
319 1455 420 1523 erant,
441 1447 588 1526 aquibus
608 1455 756 1510 venerant
769 1464 869 1526 nuper
882 1451 983 1527 legati.
1005 1468 1059 1514 eos

79 1549 144 1601 cum
159 1550 218 1610 per
229 1533 347 1608 aliquot
357 1532 434 1606 dies,
450 1539 634 1594 moraturam
645 1533 744 1593 levem
756 1533 945 1595 immittendo
957 1536 987 1595 in
1000 1542 1060 1597 sta·

78 1617 190 1692 tiones,
214 1616 396 1679 lacessisset
415 1618 520 1691 parvis
542 1614 684 1692 proeliis,
705 1615 736 1676 in
751 1616 818 1677 dies
833 1616 949 1680 maiora
961 1626 1060 1681 certa-

79 1702 155 1762 mina
182 1701 323 1775 serebat,
348 1705 382 1760 ut
402 1715 510 1762 omnes
531 1708 618 1762 extre
638 1699 824 1762 munitiones
844 1700 976 1764 eliceret.
1010 1701 1061 1765 ubi

81 1786 160 1859 quod
175 1785 338 1861 petebatur
352 1784 449 1845 sensit
463 1785 615 1858 effectum,
632 1782 814 1845 auxillorum
829 1787 992 1861 praelectls
1006 1786 1059 1848 im·

79 1876 170 1943 perat,
185 1876 220 1931 ut
234 1873 391 1929 contracto
407 1868 579 1942 certamine,
596 1874 752 1942 tamquam
767 1869 956 1932 multitudine
968 1887 1059 1946 supe·
1142 1930 1146 1937 .

79 1960 228 2025 narentur,
252 1958 380 2029 repente
401 1952 496 2029 tergis
517 1952 596 2014 datis
617 1951 657 2011 ad
679 1957 780 2013 casira
794 1951 893 2013 eiiirse
907 1954 1060 2030 lugerentr

69 2034 146 2109 ‘ipse
159 2036 240 2098 Intra
253 2037 368 2096 vallum
384 2035 424 2095 ad
439 2051 546 2098 omnes
560 2044 667 2114 portas
682 2035 825 2097 instruxit
839 2037 957 2113 copias.
979 2037 1060 2097 haud

80 2121 201 2181 multmn
215 2120 365 2196 temporis
379 2120 566 2195 intercessit,
583 2136 652 2182 cunr
668 2136 707 2181 ex
723 2120 894 2196 composito
908 2121 1062 2197 religien-

79 2200 152 2261 tium
166 2218 295 2267 suorum
309 2218 427 2280 amnon,
443 2209 516 2280 post
527 2203 628 2266 effuse
642 2212 809 2279 sequentes
825 2205 974 2266 barbaros
989 2220 1060 2266 con·

82 2288 188 2359 spexit
221 2289 402 2349 instructum
427 2287 467 2348 ad
486 2286 548 2349 hoc
571 2288 673 2365 ipsum
697 2289 775 2348 iutra
797 2288 908 2349 vallum
928 2288 1061 2350 habebat

83 2368 183 2431 aciem.
200 2372 316 2447 ¹itaque
330 2376 445 2432 tantum
459 2379 605 2447 moratus,
619 2379 654 2434 ut
667 2388 744 2433 suos
758 2372 901 2448 reingere
914 2372 945 2431 in
961 2379 1062 2432 eastra

81 2449 172 2515 libero
184 2454 311 2517 introitu
321 2455 444 2527 sineret
457 2455 591 2516 clamore
601 2456 723 2517 sublato
735 2456 826 2518 simul
837 2455 978 2517 omnibus
989 2470 1061 2531 por·

80 2531 118 2595 tis
132 2541 241 2615 erupit.
274 2553 336 2599 non
357 2539 533 2600 sustinuere
551 2540 697 2617 impetum
714 2540 930 2617 neoopInatum
944 2540 1060 2601 hostes.

83 2620 132 2691 qui
146 2623 185 2682 ad
201 2629 304 2684 castra
319 2623 529 2699 oppugnanda
542 2633 704 2699 venerant,
720 2638 759 2685 oe
774 2641 832 2686 sua
846 2624 970 2702 quidem
985 2623 1061 2685 tuen·

83 2709 259 2774 potueruntr
286 2720 357 2767 nam
377 2708 532 2782 extemplo
551 2707 612 2768 lusi
636 2709 744 2784 lugan,
765 2725 838 2770 mox
856 2710 934 2770 intre
949 2709 1061 2769 vallum

83 2797 228 2856 paventes
243 2790 405 2866 compulsi,
421 2798 579 2867 postremo
590 2799 743 2853 exuuntur
755 2792 873 2853 castris.
896 2807 934 2852 eo
946 2793 995 2854 die
1006 2807 1061 2852 no·

83 2881 148 2928 vem
161 2874 243 2933 milla
257 2874 391 2935 hostium
405 2890 514 2945 ceesa3
537 2876 617 2950 capti
632 2875 693 2935 vivi
707 2876 833 2936 trecenti
847 2874 968 2950 viginti,
990 2875 1061 2951 equi

84 2960 198 3016 centum
213 2957 386 3033 duodecim,
406 2959 494 3034 signa
508 2959 647 3019 militaria
660 2958 783 3034 triginta
797 2965 925 3035 septem.
954 2958 994 3020 de
1007 2974 1061 3019 ex·

84 3035 175 3099 ereitu
187 3040 327 3102 Romano
343 3050 463 3103 centurn
478 3057 589 3104 novem
605 3043 789 3103 ceciderunt.

160 3122 263 3185 XLIX.
283 3125 333 3186 Ab
352 3124 413 3188 hoc
434 3127 553 3201 proelio
575 3125 732 3186 &archus
753 3127 841 3187 duxit
860 3126 900 3187 ad
921 3125 1060 3203 depopu-

85 3196 202 3268 landum
214 3208 402 3271 celtiberiam
417 3208 565 3286 legiones.
590 3216 620 3269 et
635 3225 704 3270 cunr
720 3211 813 3271 ierret
823 3210 939 3286 passim
952 3219 1061 3272 cuncta

86 3287 172 3379 atque
185 3299 298 3367 ageret,
320 3293 491 3370 populique
505 3293 554 3354 alii
568 3295 725 3355 voluntate
739 3292 790 3354 alli
801 3302 883 3357 melu
894 3296 997 3369 iugum
1011 3310 1060 3353 ac-

88 3377 223 3450 ciperent,
239 3384 360 3437 eentum
374 3378 432 3439 trie
446 3376 561 3453 oppida
576 3377 655 3438 intra
669 3393 789 3453 paucos
803 3380 871 3440 dies
885 3376 916 3437 ln
931 3375 1061 3437 deditIo·

88 3462 149 3512 nem
169 3459 302 3536 accepit,
323 3461 440 3536 praeda
461 3462 575 3536 potitus
595 3462 709 3537 ingenti
730 3469 787 3523 est.
819 3460 968 3523 convertit
988 3456 1060 3518 inde

88 3543 186 3605 igme„
200 3548 297 3619 reiro,
316 3545 398 3604 unde
412 3551 552 3620 venerat,
574 3545 614 3605 ad
628 3548 741 3617 Alcen,
764 3552 857 3621 eique
870 3559 937 3604 eam
952 3541 1059 3603 urbem
