2642 4017
296 263 412 324 LIBER
422 264 554 324 XXXIX.
578 264 715 328 CARili.
738 270 819 337 [ac.
833 270 895 336 184]
1043 264 1086 329 ³5

104 422 158 488 net,
173 429 231 488 ego
247 415 393 489 antiquas
403 413 654 474 Lacedaemoniis
669 413 755 487 leges
770 420 918 490 tyrannos
935 414 1087 478 ademisse

103 497 244 567 arbitram
265 513 328 557 nos
343 512 404 558 non
420 511 495 556 suus
509 496 673 565 ademisse,
690 511 768 571 quas
780 512 841 556 non
853 495 1015 573 habebant,
1030 501 1088 560 sed

101 586 219 641 nostras
234 583 325 656 leges
339 580 480 648 dedisse3
504 593 563 639 nec
576 579 656 638 mule
670 580 865 640 cousuluisse
879 579 1003 656 civitati,
1018 597 1085 660 cutp

101 663 217 723 concilii
243 663 346 724 nostri
366 678 434 723 cam
454 662 617 722 fecerimus
641 667 672 722 et
691 662 781 724 nobis
803 662 1030 739 miscuerimus,
1054 673 1088 727 ut

100 761 209 822 corpus
224 764 323 807 unum
338 755 370 807 et
383 744 545 807 concilium
559 746 652 806 totius
666 744 871 823 Peloponnesi
885 754 979 808 esset
1004 755 1086 825 tunc,

98 836 129 891 ut
141 832 263 906 opinor,
279 832 308 891 si
322 829 390 890 aliis
405 830 465 906 ipsi
478 827 598 905 legibus
611 829 801 904 viveremus,
817 830 893 891 alias
907 828 975 891 istis
989 831 1085 892 iniun-

98 913 268 988 xissemns,
294 914 380 990 queri
399 928 434 973 se
448 911 554 988 iniquo
571 913 638 973 iure
651 928 724 973 esse
738 919 769 974 et
781 913 932 989 indignari
947 924 1084 990 possent

99 997 160 1056 scio
182 1014 258 1073 ego,
282 1000 343 1074 Ap.
365 995 486 1071 claudi,
508 995 587 1056 hanc
608 996 791 1071 orationem,
813 1013 963 1073 quaeum
984 999 1085 1062 adhuc

98 1096 185 1153 usus,
207 1097 315 1157 neque
333 1079 489 1141 sociorum
510 1079 594 1153 apud
614 1080 720 1141 socios
739 1096 841 1157 neque
857 1081 972 1143 liberae
984 1084 1084 1157 gentis

98 1178 179 1238 esse,
206 1166 269 1225 sed
289 1179 364 1223 vere
390 1178 550 1224 servorum
571 1162 807 1238 disceptantium
826 1167 911 1240 apud
931 1165 1083 1228 dominos.

97 1262 163 1306 narn
178 1249 205 1308 si
220 1264 287 1307 non
301 1262 382 1307 vana
395 1247 446 1307 illa
460 1261 523 1307 vox
535 1246 700 1322 praeconis
715 1247 785 1322 luit,
807 1264 868 1324 qua
882 1248 995 1311 liberos
1012 1266 1084 1311 esse

97 1330 229 1391 omnium
244 1332 365 1407 primos
379 1330 524 1391 Achaeos
539 1328 688 1404 iussistis,
706 1330 734 1392 si
748 1332 858 1393 foedus
873 1340 971 1393 ratum
986 1341 1041 1406 est,
1056 1334 1082 1394 si

97 1414 228 1476 societas
252 1424 285 1476 et
305 1414 435 1475 amicitia
456 1428 496 1472 ex
516 1429 616 1489 aequo
639 1414 834 1487 observatur,
856 1430 911 1476 cur
929 1430 988 1490 ego
1009 1416 1084 1491 quid

96 1495 200 1572 Capua
221 1504 317 1575 capta
336 1496 469 1557 feceritis
482 1497 612 1558 Romani
631 1513 694 1557 non
710 1514 840 1573 quaero,
862 1514 921 1559 vos
935 1498 1082 1560 rationem

96 1583 259 1655 reposcitis
283 1580 359 1657 quid
374 1579 492 1641 Achaei
505 1579 760 1642 Lacedaemoniis
774 1582 855 1642 bello
869 1579 960 1641 victis
974 1582 1081 1643 ieceri-

97 1672 184 1724 must
204 1664 467 1744 intertectialiqui
481 1672 569 1736 sant,
584 1664 668 1739 linge
683 1681 702 1725 a
716 1663 821 1725 nobisz
843 1664 939 1739 quid?
960 1681 1017 1726 vos
1032 1681 1081 1727 se·

96 1753 218 1810 naiores
235 1750 413 1824 campanos
434 1748 536 1808 securi
550 1762 613 1807 nou
627 1746 848 1822 percussistist
868 1764 973 1810 muros
988 1749 1081 1810 dirui·

98 1844 179 1892 mus:
192 1848 253 1895 vos
264 1848 329 1893 nou
339 1847 444 1892 muros
455 1838 570 1892 tantum
582 1832 638 1891 sed
651 1830 758 1891 urbem
769 1839 799 1891 et
808 1847 901 1907 agros
912 1833 1080 1894 ademistis.

98 1915 210 1989 specie,
224 1916 340 1992 inquis,
356 1930 487 1990 aequum
501 1921 549 1975 est
562 1915 690 1975 ioedus=
712 1929 746 1973 re
761 1915 844 1991 apud
855 1914 998 1976 Achaeos
1013 1931 1081 1990 pre·

100 1998 177 2058 caria
190 1999 328 2073 libertas,
344 1999 428 2073 apud
441 1998 599 2059 Romanos
613 1998 704 2058 etiam
719 1998 878 2073 imperium
893 2004 950 2059 est
972 2000 1081 2072 sentia

97 2081 185 2160 Appi,
201 2092 235 2145 et
249 2084 277 2144 si
290 2098 353 2142 non
369 2088 498 2157 oportet,
513 2098 574 2143 non
586 2079 743 2165 indignor:
765 2082 822 2143 sed
834 2097 967 2154 moves,
986 2099 1080 2157 quan·

98 2166 232 2227 tumlibet
250 2165 368 2226 intersit
387 2164 633 2226 interRomanos
653 2173 684 2226 et
696 2165 857 2239 Achaeos,
876 2165 970 2227 modo
991 2181 1030 2227 ne
1050 2166 1081 2226 in

100 2261 194 2323 aequo
212 2251 324 2311 hostes
338 2248 431 2310 vestri
445 2247 605 2325 nostrique
621 2249 707 2324 apud
722 2265 780 2310 vos
796 2250 857 2310 sint
870 2265 907 2309 ac
920 2265 980 2311 nos
994 2250 1080 2325 socii,

98 2328 184 2393 immo
203 2350 247 2394 ne
267 2331 393 2393 meliore
411 2332 478 2395 iure
498 2333 567 2393 sint.
600 2349 672 2392 nam
692 2339 726 2392 ut
742 2331 772 2391 in
788 2347 889 2406 aequo
904 2339 1009 2392 essent
1022 2348 1080 2395 nos

100 2413 242 2491 lecimus,
265 2432 332 2476 cum
354 2417 440 2492 leges
455 2417 493 2476 iis
507 2421 630 2477 nostras
645 2415 802 2489 dedimus,
825 2431 893 2475 cum
907 2421 942 2474 at
954 2414 1081 2476 Achaici

100 2500 217 2562 concilii
234 2506 341 2561 essent
355 2499 522 2560 effecimus.
549 2515 658 2574 parum
672 2506 721 2560 est
733 2497 837 2573 victis,
858 2498 943 2574 quod
959 2498 1079 2559 victori·

101 2577 153 2642 bus
173 2585 251 2645 satis
272 2590 334 2654 est3
357 2585 426 2659 plus
447 2583 603 2659 postulant
621 2582 728 2644 hostes
751 2599 843 2659 quam
864 2582 942 2644 socii
956 2582 1079 2644 habent.

102 2679 175 2737 quae
195 2666 409 2742 iureiurando,
426 2681 505 2743 quae
524 2666 728 2728 monumentis
749 2668 915 2728 litterarum
932 2665 962 2726 in
976 2666 1079 2743 lapide

101 2744 256 2827 insculptis
277 2752 308 2810 in
332 2757 485 2811 aeternam
510 2749 686 2810 memoriam
711 2755 817 2811 sancta
841 2756 934 2825 atque
959 2757 1080 2811 saerata

102 2840 174 2908 sunt,
188 2850 227 2895 ea
242 2851 310 2895 cum
326 2834 459 2908 periurio
474 2839 581 2894 nostro
595 2834 702 2893 tollere
718 2840 834 2907 parant.
856 2848 998 2894 veremur
1012 2831 1074 2910 qui·

29 2918 34 2929 “
102 2912 165 2976 dem
176 2935 245 2992 vos,
261 2916 399 2990 Romani,
415 2923 446 2978 et
457 2917 484 2977 si
495 2916 648 2990 itavultis,
664 2917 753 2976 etiam
764 2917 919 2977 timemus:
939 2917 996 2978 scd
1007 2919 1078 2992 plus

102 3002 129 3056 et
145 3017 282 3062 veremur
302 3006 332 3061 et
352 3000 492 3060 timemus
513 3000 589 3061 deos
607 3001 824 3061 immortales.“
859 3015 928 3061 cum
943 3001 1079 3061 adsensu

101 3086 244 3145 maximae
264 3084 360 3160 partis
382 3090 429 3144 est
443 3084 579 3157 auditus,
600 3091 630 3143 et
642 3085 777 3144 locutum
792 3098 899 3144 omnes
914 3100 970 3160 pro
985 3084 1077 3144 meie-

102 3169 171 3227 state
190 3168 385 3243 magistratus
405 3167 586 3239 censebant,
609 3175 643 3228 ut
663 3167 752 3227 facile
773 3175 935 3242 appareret
948 3168 1078 3229 molliter

102 3252 212 3321 agendo
228 3251 404 3326 dignitatem
419 3266 507 3311 suam
520 3256 625 3310 tenere
638 3251 794 3311 Romanos
809 3266 871 3311 non
887 3267 992 3326 posse.
1014 3259 1077 3311 tum

102 3330 215 3409 Appius
230 3335 361 3395 suadere
373 3349 407 3394 se
417 3348 605 3409 magnopere
617 3333 751 3394 Achaeis
763 3334 847 3408 dixit,
862 3341 904 3407 ut,
920 3335 991 3394 dum
1005 3333 1075 3392 lice·

101 3421 141 3474 ret
152 3420 308 3480 voluntate
323 3434 381 3478 sua
395 3419 512 3492 lacere,
527 3418 653 3492 gratiam
668 3416 792 3490 inirent,
807 3434 846 3477 ne
858 3433 931 3477 mox
945 3414 1030 3476 inviti
1044 3419 1075 3472 et

102 3507 190 3566 coacti
205 3507 348 3567 iacerent.
370 3504 447 3563 haec
462 3516 525 3561 vox
539 3501 643 3561 audita
658 3501 782 3576 quidem
797 3517 866 3561 cum
877 3498 1011 3561 omnium
1022 3510 1072 3570 ge

829 3585 868 3643 ὃ*
