2642 4017
287 217 401 279 LIBER
413 216 475 277 XL.
495 217 578 278 CAP.
590 226 634 278 40.
648 227 691 278 41.
703 226 747 279 42.
772 223 808 290 [a.
820 222 853 276 0.
865 223 927 292 180]
1042 218 1085 283 89

103 371 270 449 processit,
286 372 517 446 gratulatusque
531 377 591 442 est,
616 368 780 444 quadram
796 369 948 444 publicam
963 370 1088 447 ομοςίο

101 454 265 532 gessisset
289 469 358 515 cum
372 469 492 514 summa
505 451 681 526 concordia,
702 468 782 527 quos
797 451 980 515 dimitterent
993 471 1086 529 quos·

102 555 162 616 quc
181 539 352 600 retinerent
370 537 496 611 milites,
521 543 772 612 composuerunt.
802 535 874 597 inde
887 534 1013 598 Fulvium
1034 553 1087 599 ex·

101 622 271 685 auctoratis
291 620 436 681 militibus
456 620 487 680 in
502 635 598 681 naves
614 619 765 694 impositis
779 619 909 680 Romam
922 628 971 681 est
985 623 1086 696 proic-

31 735 39 759 o
101 714 176 781 ctus,
193 703 400 781 Sempronius
413 703 444 763 in
460 701 651 764 celtiberiam
666 703 804 777 legiones
820 702 916 764 duxit
1141 780 1148 789 ι

182 789 262 850 XLI.
286 788 436 849 consules
451 787 541 848 ambo
553 787 583 846 in
595 786 724 862 ligures
736 785 889 848 exercitus
902 785 1088 849 induxerunt

100 873 233 933 diversis
257 873 406 948 partibus.
433 869 608 931 Postumius
629 870 727 945 prima
748 876 778 931 et
791 870 879 931 tertia
893 869 1014 946 legione
1028 871 1086 932 Ba-

99 957 199 1017 listam
206 955 492 1030 Suismontiumque
501 959 622 1015 montes
634 951 764 1027 obsedit,
777 961 807 1014 ct
817 955 986 1029 premendo
998 971 1086 1030 prae·

101 1040 187 1100 sidiis
210 1047 362 1115 angustos
377 1037 475 1099 saltus
490 1052 596 1099 corum
614 1044 801 1099 commeatus
817 1038 999 1114 interclusit,
1020 1038 1085 1101 ino·

100 1123 214 1199 piaque
239 1124 375 1184 omnium
394 1136 497 1182 rerum
517 1135 574 1181 eos
594 1120 776 1196 perdomuit.
803 1120 927 1182 Fulvius
948 1122 1085 1184 secundo

101 1213 130 1265 et
151 1214 264 1282 quarta
284 1206 406 1282 legione
425 1204 552 1265 adortus
566 1220 586 1264 a
598 1203 678 1264 Pisis
698 1206 848 1279 Apuanos
868 1203 1010 1280 Ligures,
1033 1205 1085 1281 qui

100 1303 205 1350 eorum
226 1290 311 1350 circa
330 1288 465 1349 Macram
485 1286 612 1348 fluvium
632 1287 820 1361 incolebant,
847 1289 877 1348 in
899 1288 1085 1350 deditionem

101 1381 267 1448 acceptos,
287 1372 327 1434 ad
348 1378 466 1448 septem
482 1371 563 1431 milia
578 1370 749 1446 hominnm,
769 1370 799 1431 in
813 1387 909 1432 naves
923 1371 1085 1446 impositos

101 1463 223 1528 praeter
238 1473 327 1517 oram
340 1456 461 1517 Etrusci
479 1453 572 1515 maris
586 1455 745 1530 Neapolim
759 1454 935 1515 transmisit.
967 1455 1040 1516 inde
1055 1455 1084 1514 in

102 1535 260 1600 Samnium
273 1540 418 1613 traducti,
439 1554 575 1615 agerque
589 1539 636 1598 his
650 1540 728 1609 inter
741 1538 907 1613 populares
922 1536 1013 1600 datus
1027 1546 1084 1599 est.

103 1629 317 1685 montanorum
331 1621 475 1699 Ligurum
496 1623 535 1682 ab
549 1624 587 1682 A.
602 1621 758 1683 Postumio
776 1619 883 1681 vineae
898 1632 1009 1682 mesae
1023 1622 1085 1683 iru-

102 1713 268 1784 mcntsque
283 1707 406 1780 deusta,
429 1707 530 1768 donec
543 1704 683 1766 cladibus
699 1702 840 1766 omnibus
855 1705 927 1766 belli
942 1707 1039 1767 coacti
1054 1707 1084 1768 in

104 1786 292 1852 deditionem
312 1798 461 1852 venerunt
480 1804 628 1865 armaque
641 1787 839 1849 tradiderunt
869 1789 998 1851 navibus
1012 1789 1085 1851 inde

103 1868 278 1935 Postumius
299 1873 340 1934 cd
354 1874 512 1934 visendam
529 1887 614 1935 oram
627 1872 833 1947 Ingaunorum
846 1871 1083 1934 Intemeliorum-

106 1971 164 2028 que
176 1957 324 2033 Ligurum
345 1957 506 2034 processit
535 1956 714 2033 priusquam
733 1953 765 2015 hi
786 1957 931 2016 consules
947 1955 1087 2016 tenuent

105 2037 144 2095 ad
158 2040 334 2115 exercitum,
351 2041 403 2117 qui
416 2040 503 2101 Pisas
518 2040 648 2101 indictus
664 2047 737 2115 erat,
753 2045 916 2115 praeerunt
927 2040 964 2098 A.
979 2038 1084 2098 Postu·
1190 2050 1196 2075 ³

105 2119 182 2181 rnias
198 2132 227 2185 et
243 2126 336 2187 trater
351 2123 384 2199 Q.
399 2124 496 2185 Fulvii
509 2123 550 2184 Μ.
565 2122 691 2186 Fulvius
704 2123 850 2187 Nobilior.
872 2121 1028 2183 secundae
1042 2122 1084 2182 le·

106 2203 202 2276 gionis
221 2208 350 2269 Fulvius
375 2206 514 2270 tribunus
535 2206 659 2269 militum
684 2215 758 2268 crat
791 2206 819 2267 is
841 2205 998 2267 mensibus
1018 2205 1085 2268 stris

106 2285 216 2352 dimisit
228 2292 392 2367 legionem,
405 2290 601 2352 iureiurando
616 2291 734 2352 adactis
744 2287 972 2352 centurionibus
984 2305 1039 2351 scs
1053 2291 1085 2349 in

106 2373 254 2436 aerarium
275 2375 314 2435 ad
336 2382 516 2450 quaestores
537 2389 609 2435 esse
625 2374 791 2437 delaturos.
820 2372 880 2435 hoc
893 2371 944 2433 ubi
958 2372 1083 2433 Placen·

105 2450 174 2515 liarn
183 2490 226 2503 -
240 2475 308 2519 nam
321 2474 358 2521 eo
370 2460 449 2520 lorte
460 2465 526 2519 erat
536 2458 742 2533 prolectus-
753 2458 834 2518 Aulo
846 2456 1015 2518 nundatum
1027 2461 1084 2531 est,

107 2550 172 2597 curn
195 2541 351 2617 equitibus
373 2541 525 2617 expeditis
546 2549 672 2604 secatus
691 2541 852 2615 dimissos,
877 2557 958 2617 quos
978 2556 1085 2602 eorum

106 2623 200 2692 potuit
219 2625 365 2701 adsequi,
386 2624 515 2685 deduxit
528 2624 694 2700 castigatos
707 2624 811 2695 risam
833 2624 873 2685 de
887 2625 997 2686 ceteris
1012 2640 1085 2686 con-

106 2705 200 2767 sulem
226 2708 387 2769 certiorem
413 2707 493 2768 iecit.
525 2724 563 2769 so
583 2710 735 2770 referente
759 2715 885 2770 senatus
906 2709 1086 2770 factumest

108 2792 292 2866 consultum,
313 2799 346 2852 ut
358 2790 399 2851 M.
413 2791 540 2853 Fulvius
561 2792 592 2852 in
605 2791 786 2867 Hispaniam
805 2793 994 2866 relegaretur
1006 2794 1084 2853 ultra

107 2882 213 2934 novam
230 2875 458 2950 carthaginem
480 2874 660 2951 litteraeque
681 2875 711 2936 ei
732 2876 822 2936 datae
839 2881 910 2936 sunt
924 2890 943 2935 a
957 2877 1085 2936 consule

108 2952 145 3012 ad
157 2954 187 3014 P.
202 2957 349 3019 Manlium
363 2960 393 3019 in
407 2958 586 3035 Hispaniam
600 2960 775 3020 ulteriorem
789 2958 990 3019 deferendam
1007 2956 1084 3019 mili·

108 3040 152 3096 tes
172 3040 250 3104 inssi
270 3043 310 3103 ad
331 3043 420 3118 signa
432 3042 543 3103 redire.
573 3058 668 3103 causa
682 3040 866 3116 ignominiae
879 3041 923 3102 uti
937 3048 1085 3103 semestre

109 3118 288 3195 stipendium
309 3126 340 3186 in
354 3142 424 3188 curn
444 3141 557 3186 annum
571 3132 656 3187 esset
670 3125 699 3185 ei
712 3124 825 3200 legioni
839 3124 1010 3188 decretumr
1032 3125 1084 3201 qui

109 3203 190 3266 miles
205 3208 245 3268 ad
260 3210 426 3271 exercitum
440 3226 502 3270 non
512 3209 654 3283 redisset,
670 3225 739 3270 eum
750 3208 851 3285 ipsum
862 3210 1006 3285 bonaque
1017 3210 1085 3269 eius

109 3289 237 3351 vendere
252 3294 359 3354 consul
375 3293 491 3354 iussus.

187 3374 275 3435 XLIl.
296 3374 412 3436 Eodem
433 3392 512 3435 anno
532 3376 567 3437 L.
588 3374 759 3451 Duronius,
787 3377 839 3451 qui
860 3380 984 3451 praetor
1002 3387 1085 3432 anno

111 3460 264 3526 superiore
281 3474 320 3518 ex
334 3457 456 3535 Illyrico
475 3475 544 3519 curn
560 3459 667 3521 decem
681 3460 811 3520 navibus
826 3455 1020 3518 Brundisium
1035 3469 1085 3514 rc*
