2642 4017
252 316 313 380 104
443 315 558 377 LlBlllt
570 315 646 376 xli.
670 314 753 375 cap.
769 325 794 376 1.
805 325 832 376 u.
855 322 891 390 [a.
907 321 941 375 u,
957 340 980 374 c.
993 322 1056 390 574]

249 471 360 532 eodem
379 466 488 528 decem
510 465 641 528 navibus
662 467 696 528 G.
709 468 820 530 Furius
841 469 982 530 duumvir
1002 470 1120 531 naumis
1139 473 1233 535 venit.

249 555 400 615 adversus
406 550 578 631 lllyriorum
588 551 721 612 classem
734 554 829 613 creati
835 553 985 614 duumviri
998 555 1124 616 navales
1136 564 1238 618 erant.

249 638 302 713 qui
321 637 454 698 tuendae
471 634 577 710 viginti
597 634 729 696 nauibus
750 637 844 697 maris
863 638 972 713 superi.
986 653 1059 699 orae
1072 637 1233 703 Anconam

249 723 331 782 velut
345 721 499 781 cardinem
514 719 677 780 haberenu
700 717 772 780 inde
785 720 819 780 L.
834 720 993 782 cernulus
1008 722 1118 783 dextra
1132 723 1238 786 littora

164 873 175 891 .
248 821 350 879 usque
364 805 404 865 ad
417 805 594 878 Tarentum,
610 803 642 863 C.
656 802 768 864 Furius
782 805 871 864 meua
885 819 986 881 usque
1000 806 1046 866 ad»
1055 805 1231 880 Aquileiam

248 896 392 950 tueretur.
415 904 471 949 eae
485 904 582 948 naves
597 888 637 949 ad
653 887 825 962 proximum
837 895 957 963 portum
969 889 999 949 in
1011 890 1143 951 Histriae
1153 890 1232 952 ones

249 988 318 1034 curn
343 972 492 1033 onerariis
515 979 546 1032 et
565 987 677 1047 magno
699 978 869 1031 commeatu
890 973 1018 1048 missae,
1044 982 1232 1050 secutusque

249 1071 317 1116 cum
332 1055 504 1131 legionibus
526 1057 635 1115 consul
650 1054 787 1130 quinque
802 1056 897 1116 lenne
910 1056 992 1116 milia
1006 1073 1025 1117 a
1039 1058 1115 1118 mari
1129 1059 1233 1133 posuit

249 1146 359 1200 castra.
392 1139 422 1198 in
448 1145 538 1213 portu
566 1139 746 1221 emporium⁵
765 1139 852 1199 brevi
877 1134 1080 1215 perfrequens
1109 1143 1230 1214 lactum,

248 1223 412 1297 omniaque
427 1222 497 1284 binc
511 1223 542 1282 in
558 1229 660 1283 castra
674 1224 943 1298 supportabantur.
969 1231 999 1285 et
1013 1241 1075 1299 quo
1090 1223 1122 1285 id
1137 1226 1230 1286 tutius

248 1308 350 1381 lieret,
370 1307 519 1368 stationes
541 1307 580 1366 ab
600 1306 743 1373 cnmibtu
764 1310 934 1373 casirormn
950 1309 1088 1383 partibus
1103 1309 1231 1370 eircum-

248 1392 337 1451 datae
352 1397 437 1451 sunt=
466 1389 496 1450 in
512 1389 655 1451 Histriam
672 1407 793 1452 versum
809 1390 994 1466 praesidium
1011 1393 1169 1467 stativum,
1184 1408 1235 1452 re·

248 1474 372 1551 pentina
395 1474 509 1536 cohors
523 1473 700 1535 Placentina
721 1475 866 1552 opposita
886 1477 964 1534 inter
978 1492 1061 1536 mare
1075 1485 1106 1538 et
1120 1484 1230 1549 castra,

247 1567 278 1620 et
292 1566 324 1619 ut
344 1559 425 1619 idem
445 1558 646 1633 aquatoribus
668 1558 710 1618 ad
724 1557 856 1619 iluviunss
868 1566 954 1620 esset
969 1559 1172 1634 praesidium,
1186 1560 1227 1619 M.

247 1640 397 1703 Aebutius
417 1643 556 1704 tribunus
578 1643 702 1703 militum
725 1644 881 1704 secundae
895 1642 1025 1718 legionis
1041 1644 1120 1704 duos
1136 1641 1231 1704 mani-

249 1727 340 1800 pulos
362 1726 488 1787 militum
508 1726 631 1787 adicere
653 1727 758 1788 iussus
779 1734 843 1796 est;
864 1728 897 1787 T.
918 1733 948 1786 et
969 1727 999 1788 C.
1021 1726 1100 1786 Aelii
1120 1727 1229 1788 tribuni

249 1808 374 1872 militurn
393 1810 546 1885 legionem
560 1809 693 1885 tertiam,
715 1827 795 1887 quae
809 1810 1006 1888 pabulatores
1022 1818 1051 1871 et
1066 1811 1231 1886 lignatores

249 1900 390 1968 tueretur,
408 1894 458 1953 m'a
472 1910 552 1971 quae
566 1894 739 1970 Aquileiam
754 1896 814 1956 lert
827 1895 985 1956 duxerant.
1009 1893 1047 1954 ab
1062 1894 1173 1954 eadem
1184 1910 1232 1954 re·

248 1976 340 2053 gione
361 1979 442 2038 mille
463 1980 558 2039 senne
578 1993 727 2053 passuum
748 1987 850 2040 castra
870 1987 959 2040 erant
972 1976 1140 2039 Gallorumz
1164 1978 1224 2038 cat·

248 2065 345 2124 melus
367 2078 422 2137 pro
438 2064 544 2137 regulo
559 2068 625 2122 erat
637 2061 735 2122 tribus
751 2060 834 2123 haud
850 2063 981 2139 amplius
995 2062 1118 2123 milibus
1134 2078 1232 2122 arma·

249 2153 356 2207 torum.
378 2147 414 2206 ll.
437 2144 540 2219 lustri,
556 2154 589 2206 ut
603 2144 733 2220 primurn
747 2145 787 2204 ad
802 2147 902 2206 lacum
914 2144 1030 2207 ‘limavi
1046 2152 1146 2207 castra
1161 2153 1232 2207 sunt

248 2232 387 2302 Romana
400 2237 491 2305 mota,
510 2227 571 2305 ipsi
585 2237 657 2305 post
672 2228 781 2289 uellem
796 2232 916 2291 occulto
932 2233 1001 2291 loco
1017 2231 1233 2305 consederunt,

249 2320 279 2374 et
293 2314 365 2374 inde
379 2314 512 2390 obliquis
527 2312 685 2374 itineribus
701 2327 810 2386 agmen
825 2314 1049 2388 sequebantur,
1064 2315 1095 2374 in
1111 2330 1232 2375 omnem

250 2398 446 2459 occasionem
466 2395 587 2467 intenti3
609 2395 848 2473 necquicquam
862 2412 931 2465 eos.
954 2413 1036 2474 quae
1048 2404 1129 2458 terra
1143 2397 1232 2458 mari·

251 2498 312 2558 que
323 2485 494 2555 agerentur,
506 2479 638 2539 fallebat.
662 2486 827 2555 postquam
839 2481 987 2543 stationes
998 2483 1148 2543 invalidas
1161 2497 1233 2543 esse

249 2580 306 2640 pro
331 2561 455 2637 castris,
477 2562 576 2623 torum
598 2562 687 2624 turba
707 2563 814 2626 inermi
828 2566 980 2642 liequens
995 2565 1074 2627 inter
1088 2574 1190 2628 castra
1203 2573 1234 2626 et

249 2662 334 2706 mare
355 2646 552 2707 mercantium
571 2646 640 2709 sine
659 2650 723 2709 ullo
743 2649 879 2711 terrestri
900 2657 953 2711 aut
971 2648 1121 2713 maritimo
1136 2651 1233 2712 muni-

249 2737 352 2790 mento
366 2727 517 2805 viderunt,
534 2731 596 2792 duo
611 2732 701 2792 sirnul
717 2732 881 2808 praesidia,
891 2733 1088 2797 Placentinae
1098 2735 1233 2796 cohortis

249 2820 280 2873 et
293 2813 516 2889 manipulorum
532 2817 690 2877 secundae
705 2816 849 2892 legionis,
865 2818 1092 2893 adgrediuntur.
1121 2819 1234 2879 nebula

249 2897 394 2957 matutina
414 2905 533 2960 texerat
552 2899 721 2976 inceptum
744 2916 806 2978 qua
820 2900 973 2962 dilabente
987 2902 1026 2962 ad
1042 2900 1171 2978 primum
1190 2908 1233 2962 te-

251 2996 357 3056 porem
374 2983 450 3043 soils
461 2985 624 3058 perlucens
636 2985 696 3045 iam
707 2985 831 3061 aliquid,
848 2985 1083 3057 incertatamen‚
1099 2993 1133 3046 ut
1144 2986 1232 3059 solet

250 3067 301 3125 lux
324 3067 460 3138 speciem
481 3069 616 3130 omnium
636 3067 834 3145 multiplicem
853 3069 980 3129 intuenti
994 3069 1144 3142 reddens,
1169 3076 1233 3130 tum

251 3163 378 3224 quoque
392 3151 539 3212 frustratu
548 3153 720 3227 Rornanos,
738 3153 993 3214 uuilto‘maiorern
1007 3152 1047 3214 iis
1061 3168 1156 3229 quam
1169 3159 1235 3213 erat

250 3232 384 3294 hostium
408 3234 505 3295 aciem
532 3236 675 3296 ostendit.
711 3252 775 3312 qua
790 3238 884 3298 territi
908 3238 1070 3313 utriusque
1088 3236 1232 3299 stationis

250 3315 359 3377 milites
381 3317 502 3393 ingenti
512 3322 640 3380 tumultu
660 3335 729 3380 eum
742 3319 776 3381 in
788 3327 891 3381 castra
904 3322 1130 3398 contigissent,
1150 3319 1234 3381 haud

251 3402 345 3478 paulo
365 3400 406 3462 ibi
428 3403 498 3477 plus
519 3418 611 3478 quarn
632 3404 718 3479 quod
737 3419 845 3466 seeum
857 3405 917 3481 ipsi
933 3408 1094 3468 attulerant
1107 3403 1234 3466 taraus

252 3487 398 3549 lecerunt.
421 3502 491 3546 narn
505 3503 607 3563 neque
620 3487 739 3561 dicore,
762 3488 836 3564 quid
850 3489 1015 3565 fugissent,
1029 3504 1088 3550 nec
1102 3504 1234 3566 percun-

254 3570 404 3632 ctantibus
415 3570 545 3632 reddere
556 3580 904 3649 responsumpoteranu
920 3582 951 3634 et
962 3575 1076 3634 elamor
1086 3572 1234 3647 inportis,
