2642 4017
326 262 442 324 LIBER
452 263 541 323 XLII.
568 262 935 340 CAP.4s.eu.[a.c.171]
1058 264 1117 329 171

134 417 249 492 nisque
262 414 346 475 Mars
360 414 431 474 belli
446 415 501 485 sit;
520 415 663 489 adversa,
678 416 825 490 secunda,
843 433 984 493 quaeque
998 417 1119 479 inscitia

134 508 167 561 et
181 495 348 560 temeritate
363 498 476 559 dueum
491 498 596 558 clades
610 514 706 574 saepe
720 499 896 575 acciderint,
919 516 999 577 quae
1012 508 1119 563 contm

134 585 219 644 bona
233 582 396 658 prudentia
411 588 442 642 et
457 580 553 642 virtus
568 582 709 643 attulerit.
739 599 831 659 quem
852 584 932 645 scire
946 583 1117 645 mortalium

133 667 234 728 utrius
245 664 364 740 mentis,
376 665 475 726 utrius
488 667 628 727 fortunae
639 668 799 727 consulem
810 668 850 728 ad
860 668 975 729 bellum
981 669 1119 730 mittenti

132 749 409 825 triumphantemne
423 765 497 810 mox
511 765 580 809 cum
594 749 732 812 exercitu
745 751 862 811 viatore
877 752 1075 813 scandentem
1086 752 1116 812 in

134 832 318 910 Capitolium
338 834 378 893 ad
392 833 520 893 eosdem
536 834 628 905 deos,
649 849 669 893 a
690 832 801 910 quibus
823 836 1050 912 proficiscatur,
1072 836 1117 894 vi·

134 919 215 992 suri,
241 933 280 978 an
304 916 446 978 hostibus
472 933 540 977 eam
562 918 729 993 praebituri
754 919 898 981 laetitiam
921 920 1002 981 sinte
1031 916 1117 980 Persi

133 1008 236 1062 autem
249 999 330 1076 regi,
351 1001 501 1065 adversus
518 1016 609 1076 quem
623 1001 737 1076 ibatur,
759 1003 870 1063 lamam
893 1010 923 1064 et
936 1003 1018 1065 bello
1035 1005 1117 1063 clara
1190 1066 1194 1073 ,

132 1085 338 1147 Macedonum
353 1100 430 1160 gens
443 1092 475 1145 et
484 1083 643 1160 Philippus
658 1092 754 1161 pater,
769 1086 848 1148 inter
861 1088 955 1147 multa
966 1101 1117 1162 prospere

133 1175 224 1244 gesta
242 1171 382 1231 Romano
403 1169 494 1229 etiam
518 1168 695 1230 nobilitatus
715 1170 811 1244 bello,
837 1170 1021 1246 praebebam
1052 1176 1116 1230 turn

132 1252 233 1328 ipsius
246 1252 350 1312 Persei
365 1269 540 1328 numquam,
556 1267 597 1311 ex
611 1270 673 1328 quo
687 1269 816 1328 regnum
830 1254 1012 1329 accepisset,
1034 1252 1116 1314 desi·

133 1343 197 1398 tum
212 1334 284 1397 belli
299 1336 530 1412 exspectatione
545 1335 692 1396 celebrari
706 1352 829 1397 nomen.
852 1352 922 1397 curn
936 1335 985 1396 his
1000 1334 1116 1411 cogita·

132 1419 268 1483 tionibus
284 1421 418 1481 omnium
433 1421 575 1482 ordinum
587 1419 728 1481 homines
743 1421 992 1496 proficiscentem
1003 1434 1115 1480 consu·

132 1504 194 1564 lem
209 1505 370 1580 ⁴prosecuti
389 1510 469 1565 sunt.
493 1505 555 1565 duo
578 1504 758 1565 consulares
778 1503 889 1564 tribuni
905 1503 1031 1564 militum
1046 1518 1116 1565 oum

134 1604 172 1650 eo
186 1589 281 1664 missi,
298 1587 330 1649 c.
346 1587 541 1663 Claudiust).
556 1586 687 1661 Mucius,
703 1594 733 1647 et
746 1594 810 1648 tres
826 1585 961 1648 illustres
975 1585 1114 1661 iuvenes,

133 1672 165 1731 Ρ.
181 1673 328 1733 Lentulus
344 1677 374 1731 et
388 1671 451 1733 duo
465 1670 570 1732 Manlii
584 1670 723 1731 Acidini:
753 1671 828 1732 alter
841 1671 880 1729 Μ.
894 1669 1014 1746 Manlii,
1038 1672 1116 1732 alter

132 1757 166 1816 L.
187 1755 292 1817 Manlii
311 1755 393 1816 filius
414 1763 488 1816 erat.
512 1771 581 1815 cum
601 1755 640 1816 iis
658 1756 769 1816 consul
789 1755 985 1817 Brundisium
1006 1757 1047 1815 ad
1061 1771 1115 1815 ex-

133 1840 275 1912 ercitum,
297 1847 390 1914 atque
409 1838 482 1900 inde
502 1854 573 1899 cum
593 1836 736 1900 omnibus
751 1839 851 1914 copiis
865 1846 1059 1901 transvectus
1074 1838 1115 1898 ad

133 1921 346 2002 Nymphaeum
361 1925 392 1983 in
406 1922 646 1998 Apolloniatium
659 1937 735 1998 agro
750 1920 855 1998 posuit
870 1930 981 1984 castra

217 2009 250 2067 L.
273 2007 394 2068 Paucos
419 2014 489 2068 ente
513 2005 581 2066 dies
601 2005 749 2081 Perseus,
775 2012 941 2083 postquam
961 2005 1054 2080 legali
1075 2005 1114 2065 ab

134 2094 233 2153 Roma
245 2092 379 2166 regressi
390 2089 604 2167 praeciderant
615 2105 704 2166 spem
714 2091 810 2165 pacis,
826 2087 988 2150 consilium
999 2088 1114 2149 habuit.

134 2176 176 2236 ibi
191 2174 377 2252 aliquamdiu
391 2173 524 2235 diversis
540 2173 698 2235 sententiis
712 2180 858 2249 certatum
873 2181 930 2235 est
946 2178 1033 2232 erant
1048 2172 1113 2248 qui·
1207 2192 1214 2203 ·

132 2261 193 2321 bus
208 2262 258 2319 vel
272 2258 457 2334 stipendium
473 2258 679 2333 pendendum,
700 2258 727 2319 si
742 2256 965 2333 iniungeretur,
985 2255 1035 2316 vel
1049 2252 1115 2330 agri

131 2351 220 2420 parte
244 2343 431 2417 cedendum,
457 2342 484 2401 si
507 2343 678 2415 multarent,
704 2340 854 2418 quidquid
876 2340 1012 2415 denique
1032 2338 1114 2399 aliud

132 2426 221 2504 pacis
236 2442 331 2488 causa
345 2425 522 2502 patiendum
536 2431 635 2500 esset,
653 2442 715 2487 non
729 2425 937 2487 recusandum
950 2423 1114 2496 videretur,

26 2558 31 2564 .
131 2527 191 2572 nec
206 2510 463 2584 committendum,
478 2516 512 2571 ut
526 2509 557 2570 in
571 2511 670 2570 aleam
683 2508 758 2570 tanti
774 2525 866 2571 casus
878 2524 914 2569 se
924 2520 1115 2583 regnumque

132 2597 229 2656 daret.
252 2594 280 2656 si
301 2594 463 2669 possessio
486 2593 570 2654 haud
590 2593 733 2669 ambigua
745 2593 832 2670 regni
846 2598 997 2663 maneret,
1022 2590 1116 2651 multa

132 2677 213 2740 diem
227 2685 412 2754 tempusque
426 2677 548 2738 adferre
563 2692 669 2753 posse,
685 2678 797 2753 quibus
812 2694 875 2738 non
890 2673 1007 2736 amissa
1020 2675 1114 2736 modo

130 2762 315 2838 reciperare,
331 2761 389 2821 sed
401 2760 555 2822 timendus
569 2762 648 2823 ultro
664 2761 702 2821 iis
718 2776 791 2822 esse
805 2776 886 2836 quos
900 2775 983 2820 nunc
996 2759 1116 2818 timeret

131 2853 251 2922 posset.
280 2851 415 2906 ceterum
435 2846 528 2904 multo
548 2842 647 2904 maior
667 2859 740 2919 pars
762 2843 923 2906 ferocioris
945 2838 1116 2903 sententiae

132 2937 207 2991 erat.
236 2928 388 3006 quidquid
409 2927 572 3002 cessisset,
595 2943 664 2988 cum
685 2943 723 2988 eo
744 2927 834 2987 simul
855 2940 951 3001 regno
973 2925 1114 3000 protinus
1215 2964 1220 2973 -

38 3044 42 3059 ι
132 3015 305 3075 cedendum
320 3027 393 3074 esse
407 3012 619 3073 adfirmabant.
640 3023 743 3087 neque
757 3011 838 3071 enim
852 3011 1009 3071 Romanos
1021 3022 1115 3084 pecu-

132 3098 183 3157 nia
206 3104 258 3159 aut
278 3112 354 3172 agro
369 3111 477 3172 egem,
503 3096 561 3156 sed
574 3094 634 3155 hoc
649 3094 745 3169 scire,
771 3111 840 3155 eum
855 3092 958 3155 omnia
970 3092 1114 3164 humana,

132 3189 196 3243 tum
220 3180 355 3242 maxima
379 3196 521 3256 quaeque
546 3186 577 3239 et
595 3194 693 3253 regna
712 3184 743 3238 et
762 3178 890 3254 imperia
910 3177 968 3239 sub
990 3177 1115 3237 casibus

131 3265 234 3326 multis
249 3280 331 3324 esse.
353 3263 647 3340 Carthaginiensium
664 3277 741 3337 opes
755 3263 887 3337 fregisse
901 3277 983 3336 sese,
1003 3266 1036 3320 et
1050 3274 1116 3318 cer·

34 3403 38 3407 ,
131 3347 251 3410 vicibus
263 3363 372 3421 eorum
382 3353 614 3424 praepotentem
625 3347 785 3408 finitimum
795 3362 899 3421 regem
910 3342 1115 3420 imposuisse;

132 3431 318 3493 Antiochum
340 3433 581 3508 progeniemque
601 3432 668 3492 eius
683 3432 763 3492 ultra
776 3430 849 3504 iuga
860 3428 951 3489 Tauri
965 3431 1114 3484 emotum=

132 3531 227 3576 unum
241 3532 312 3577 esse
326 3515 527 3576 Macedoniae
541 3531 685 3592 regnum,
711 3520 743 3575 et
755 3514 883 3588 regione
897 3508 1115 3584 propinquum,
