2642 4017
239 277 284 343 64
420 275 535 337 LlBER
549 276 610 335 ltL.
631 275 714 337 CAP.
730 283 827 337 tnta.
849 279 1042 349 [stimulo]

240 427 353 489 namsi
368 432 398 487 ct
410 424 441 486 in
456 425 602 487 Romanis
616 431 732 486 tantum
746 426 889 486 momenti
903 440 975 485 esse
990 424 1168 494 credebam,
1190 431 1223 485 ut

242 527 334 587 quem
346 509 460 571 vellent
473 509 666 584 imponerent
676 508 876 571 Macedoniae
890 524 1004 583 regem,
1018 514 1049 569 et
1059 522 1146 567 meae
1157 513 1221 567 tan·

240 605 303 657 tum
323 593 408 668 apud
427 609 483 654 eos
503 592 620 666 gratiae
639 591 848 664 confidebam,
871 592 945 667 quid
965 608 1044 667 opus
1058 591 1222 667 parricidio

241 680 315 741 tuiti
342 693 381 737 an
401 683 436 738 ut
455 681 612 736 cruentum
632 675 766 736 Materna
786 675 882 736 caede
900 675 1041 735 diadema
1063 681 1224 751 gererem?

241 771 275 824 ut
286 759 347 822 illis
368 760 462 835 ipsis,
483 758 567 833 apud
582 774 662 835 quos
677 764 731 819 eut
743 773 819 819 vera
832 766 885 820 aut
898 766 980 819 certe
995 759 1137 819 simulata
1151 773 1223 833 pro·

242 845 334 907 nitate
348 850 467 919 partam
482 840 611 916 gratiam
625 841 742 915 habeo,
763 842 791 903 si
806 858 898 918 quam
915 843 994 903 torte
1007 840 1118 916 habeo,
1132 856 1223 903 exse·

241 927 363 993 crabilis
378 933 409 987 et
422 926 540 987 invisus
555 933 680 987 essem?
700 924 759 986 nisi
772 925 804 988 T.
820 924 992 1000 Quinctium
1006 925 1117 1000 credis,
1134 923 1224 987 onius

240 1013 351 1073 virtute
370 1018 400 1070 ct
420 1009 556 1070 consiliis
576 1024 626 1071 me
644 1024 726 1069 nunc
740 1008 844 1085 arguis
858 1009 938 1085 regi,
959 1024 1029 1070 cum
1043 1008 1156 1084 etipse
1171 1009 1223 1069 tali
1307 1047 1308 1056 ι

241 1095 352 1172 pietate
363 1094 445 1154 vivat
455 1108 525 1154 cum
537 1093 639 1167 tratre,
647 1092 720 1153 milti
731 1093 882 1154 lraternae
894 1092 999 1153 caedis
1010 1092 1108 1153 titisse
1118 1099 1223 1154 aucto·
1307 1115 1308 1122 ¹

240 1194 315 1240 rom.
336 1177 418 1237 idem
431 1193 494 1237 non
508 1177 715 1238 Romanorum
730 1178 830 1238 solum
845 1177 986 1252 gratiam,
1007 1176 1065 1238 sed
1077 1174 1224 1235 Maccdo-

242 1278 315 1323 num
334 1260 447 1321 iudicia
460 1276 497 1321 ac
512 1274 610 1335 paene
626 1259 759 1321 omnium
774 1261 903 1322 deorum
916 1259 1136 1337 hominumque
1150 1274 1224 1320 con·

242 1360 368 1407 sensum
387 1344 523 1419 collegit,
544 1358 601 1418 per
615 1358 696 1419 qnae
710 1344 812 1405 omnia
825 1360 861 1404 se
874 1342 948 1404 mihi
961 1359 1067 1420 param
1082 1344 1113 1402 in
1127 1350 1224 1404 certa·
1307 1403 1308 1408 ,

241 1428 322 1490 mine
347 1442 409 1488 non
434 1426 567 1488 futurum
592 1426 768 1488 crediderit:
804 1427 900 1501 idem,
925 1433 1080 1502 tamquam
1100 1426 1131 1485 in
1155 1425 1224 1487 aliis

241 1510 382 1576 omnibus
402 1510 496 1571 rebus
511 1510 637 1570 inlerior
650 1525 769 1585 essem,
789 1510 830 1571 ad
845 1510 971 1571 sceleris
986 1525 1075 1586 spem
1089 1510 1225 1571 ultimam

241 1589 425 1670 confugisse
442 1608 492 1655 nte
509 1593 670 1656 insimulat
708 1595 756 1655 vis
771 1593 850 1656 hanc
863 1595 1023 1655 formulam
1039 1592 1224 1669 cognitionis

242 1694 329 1752 esse,
343 1686 377 1739 ut
389 1683 457 1738 uter
471 1677 615 1753 timuerit,
630 1693 670 1737 ne
684 1679 760 1740 alter
774 1678 895 1754 dignior
907 1677 1062 1739 videretur
1074 1692 1180 1752 regno,
1195 1677 1222 1737 is

242 1761 404 1824 eonsilium
419 1761 611 1836 opprimendi
626 1761 728 1823 fratris
743 1762 867 1838 cepisse
880 1762 1052 1824 iudicetur!
1071 1761 1150 1821 xttl.
1168 1777 1221 1821 ex·

242 1861 408 1921 sequamur
427 1850 528 1905 tamen
551 1862 747 1922 quocumque
767 1847 865 1908 modo
877 1845 998 1908 conilcti
1013 1844 1152 1906 ordinem
1166 1845 1222 1905 cri.
1308 1880 1309 1883 ,

242 1930 342 1991 ruinis.
363 1927 503 2005 pluribus
517 1928 619 1992 modis
630 1928 804 2004 sanctitum
816 1930 991 1990 criminatus
1003 1935 1060 2003 est,
1075 1936 1105 1991 et
1115 1943 1223 1990 omnes

241 2014 420 2075 insidiarum
432 2014 499 2075 vias
513 2013 543 2072 in
558 2030 653 2075 unum
667 2013 747 2073 dIcm
759 2014 892 2074 contulit
914 2013 997 2075 volui
1012 2010 1144 2074 interdiu
1154 2028 1226 2073 cum
1309 2004 1311 2016 '

242 2104 316 2173 post
334 2096 559 2168 lustrationem,
581 2112 650 2158 cum
665 2096 892 2169 concurrimus,
915 2096 1100 2173 etquidem,
1121 2096 1149 2156 si
1164 2095 1225 2157 diis

242 2182 359 2255 placet,
379 2179 591 2241 lustrationum
612 2179 661 2239 dio
677 2179 836 2248 occidere;
856 2180 955 2254 volui,
979 2196 1048 2242 cum
1061 2180 1103 2241 ad
1116 2195 1225 2241 cenam
1253 2173 1266 2197 '

242 2263 382 2337 invitavi,
401 2278 522 2324 veneno
544 2263 662 2323 scilicet
681 2263 804 2333 tollere;
832 2263 931 2338 volui,
952 2279 1022 2324 cum
1044 2264 1225 2324 comisatum

242 2346 353 2424 gladiis
367 2347 495 2408 accincti
509 2361 558 2406 me
573 2346 670 2407 secuti
684 2354 764 2420 sunt
780 2346 861 2407 lerro
874 2346 1056 2408 interlicere.
1083 2355 1225 2422 tempora

245 2432 371 2508 quidem
395 2430 498 2506 qualia
517 2430 578 2489 sint
598 2429 638 2489 ed
657 2429 855 2505 parricidium
876 2433 974 2491 electa
993 2430 1097 2491 videsc
1125 2432 1223 2505 lusus,

243 2512 391 2587 convivii,
412 2510 629 2574 comisationis.
658 2512 755 2587 quida
775 2513 842 2574 dies
858 2514 979 2590 quatiat
999 2530 1062 2589 quo
1077 2515 1224 2575 lustratus

244 2597 411 2670 exercitus,
432 2610 493 2671 quo
508 2592 588 2656 inter
600 2594 732 2656 divisam
746 2594 914 2670 victimam,
929 2598 1073 2672 praelatis
1089 2597 1225 2659 omnium

244 2679 296 2756 qui
318 2694 462 2753 umquam
483 2677 568 2738 luere
581 2678 783 2740 Macedoniae
802 2695 908 2754 regum
922 2681 1015 2740 armis
1028 2682 1137 2757 regiis,
1160 2681 1223 2741 duo

243 2760 302 2823 soli
315 2768 369 2822 tua
381 2769 520 2836 tegentes
534 2762 643 2836 latera,
666 2768 767 2838 pater,
784 2764 939 2838 praevecti
954 2780 1075 2836 sumus,
1091 2771 1122 2826 et
1135 2779 1223 2825 secu·

242 2853 305 2906 tum
319 2851 368 2906 est
379 2844 583 2906 Macedonum
596 2861 722 2921 agmenc
743 2845 803 2907 hoc
817 2861 885 2924 ego,
900 2848 989 2909 etiam
1003 2848 1031 2908 si
1045 2847 1119 2925 quid
1135 2856 1226 2909 antea

243 2926 439 2990 admisissem
460 2930 581 3004 piaculo
597 2929 738 3005 dignum,
758 2931 904 2993 lustratus
919 2937 951 2992 et
964 2930 1106 3007 expiatus
1121 2946 1222 3005 sacro,

242 3020 307 3072 tum
326 3028 394 3072 cum
413 3012 545 3072 maxime
565 3011 595 3073 in
615 3013 747 3075 hostiam
767 3011 866 3075 itineri
885 3022 992 3077 nostro
1006 3014 1225 3076 eueumdatam

241 3093 373 3169 intuens,
381 3095 575 3171 parricidium
585 3112 708 3158 venena
717 3097 839 3172 gladios
849 3099 880 3160 in
892 3096 1122 3159 comisationem
1133 3114 1223 3175 prae

242 3186 369 3254 paratos
385 3178 557 3241 volutabam
571 3179 603 3240 in
619 3181 730 3255 auimo
744 3188 779 3242 ut
792 3181 903 3257 quibus
917 3180 986 3243 aliis
999 3181 1112 3243 deinde
1124 3182 1224 3243 sacris

244 3262 477 3324 contamioetam
495 3264 577 3323 omni
597 3266 717 3326 scelere
736 3271 868 3326 mentam
882 3265 1061 3341 expiarent
1081 3266 1140 3327 sed
1153 3281 1222 3326 cae·

244 3361 299 3407 cus
321 3345 500 3407 criminandi
522 3346 687 3422 cupiditate
707 3346 843 3422 animus,
866 3350 938 3411 dum
958 3348 1061 3412 omnia
1076 3354 1225 3425 suspecta

242 3432 368 3495 efficere
381 3432 453 3504 vult,
469 3430 553 3492 aliud
567 3430 626 3492 alio
643 3432 810 3493 contundit.
840 3448 911 3493 nam
925 3432 953 3493 si
967 3448 1087 3494 veneno
1101 3441 1133 3495 te
1146 3433 1224 3493 inter

243 3531 350 3578 cenam
370 3517 477 3577 tollere
496 3513 596 3579 volui.
618 3515 694 3582 ouid
713 3515 813 3576 minus
834 3523 935 3592 aptum
954 3516 1008 3577 luit
1025 3532 1117 3592 quam
1131 3515 1226 3593 perti·

1308 3347 1311 3568 l
