2642 4017
351 274 467 336 LIBER
477 275 551 335 XLI.
574 275 657 337 cnP.
669 284 695 337 2.
706 283 733 338 3.
755 282 791 351 [ι.
803 282 836 337 c.
849 283 910 350 178]
1062 276 1122 340 105

142 439 174 493 ut
188 429 240 492 ubi
256 430 341 491 nulla
354 437 440 499 esset
454 429 553 503 statio,
568 444 648 506 quae
663 429 830 492 sustineret
842 430 1002 506 impetam,
1019 431 1122 492 audie·

140 516 245 586 batum
267 522 297 574 et
316 513 511 575 concursatio
531 513 562 573 in
578 511 712 574 obscuro
733 512 930 574 incidentium
950 514 1077 576 aliorum
1092 516 1123 575 in

140 599 218 660 alios
239 598 387 659 incertum
409 597 521 669 luerat,
542 612 581 656 an
603 596 701 659 nostia
722 598 801 659 intra
815 598 928 658 vallum
945 604 1035 660 esset
1063 614 1124 659 una

140 699 202 743 vox
224 681 405 742 audiebatur
424 680 464 740 ad
484 696 568 741 mare
588 681 779 742 vocantiumz
807 680 839 742 id
857 681 936 742 sorte
955 690 1071 744 temere
1084 681 1123 742 ab

139 782 201 827 uno
223 765 426 826 exclamatum
446 764 518 826 totis
537 763 653 840 passim
675 764 863 840 personabat
876 766 995 827 castris.
1021 766 1123 840 itaque

138 851 240 925 primo
262 848 346 909 velut
364 848 440 909 iussi
462 847 493 908 id
516 848 617 908 iacere
632 850 723 923 pauci
738 848 859 924 morati,
880 849 978 910 maior
992 864 1063 925 pars
1078 850 1122 908 in·

139 948 240 994 ermes
261 934 301 993 ad
321 947 407 991 mare
423 932 604 1001 decurrunt3
627 932 697 992 dein
714 933 832 1009 plures,
852 941 1009 1009 postremo
1024 947 1123 1009 prope

139 1032 257 1090 omnm,
273 1023 304 1077 et
318 1016 388 1091 ipse
402 1016 520 1089 consul,
535 1031 604 1076 cum
619 1016 732 1077 trustra
745 1031 892 1077 revocare
905 1016 1055 1092 rugientes
1070 1032 1122 1078 co·

138 1108 230 1162 natus
250 1115 309 1161 nee
326 1096 455 1174 imperio
472 1114 530 1159 nec
544 1099 723 1161 auctoritate
738 1115 795 1160 nec
810 1100 953 1176 precibus
968 1099 1008 1161 ad
1022 1108 1121 1162 extre·

139 1201 222 1246 mum
234 1183 390 1244 valuisset
405 1199 486 1243 unus
495 1184 642 1244 remansit
652 1183 691 1244 Μ.
704 1182 838 1245 Licinius
851 1183 971 1259 Strabo,
984 1185 1122 1253 tribunus

139 1268 267 1329 militum
281 1268 389 1328 tertiae
403 1267 549 1342 legionis,
571 1284 640 1329 oum
654 1267 751 1330 tribus
765 1267 863 1344 signis
877 1268 917 1328 ab
930 1268 1050 1344 legione
1064 1283 1123 1329 sua

137 1353 273 1413 relictus.
302 1351 383 1412 hunc
405 1349 434 1410 in
456 1365 555 1411 vacua
575 1359 677 1413 costra
696 1352 811 1428 impetu
825 1352 906 1412 laeto
921 1352 1030 1426 llistri,
1052 1366 1120 1412 cum

138 1435 219 1497 alius
239 1442 374 1496 armatus
390 1435 427 1494 iis
443 1449 533 1495 nemo
549 1436 670 1496 obviam
686 1434 776 1510 isset,
797 1435 826 1495 in
842 1435 996 1510 praetorio
1011 1434 1122 1495 instru-

139 1527 247 1581 entem
262 1526 356 1593 atque
376 1517 587 1580 adhortantem
607 1536 686 1581 suos
705 1526 938 1594 oppresserunt.
973 1518 1121 1593 proelium

138 1603 275 1666 moetus
297 1618 389 1678 quam
409 1618 466 1677 pro
486 1603 639 1678 paucitate
659 1602 865 1663 resistentium
888 1602 957 1676 luit,
979 1616 1037 1662 nec
1050 1609 1122 1662 ante

137 1685 257 1750 finitum
272 1694 327 1762 est,
343 1702 435 1764 quarn
449 1686 588 1748 tribtmus
603 1686 729 1747 militum
744 1687 860 1762 quique
874 1685 955 1746 cirea
969 1701 1038 1747 eum
1049 1700 1121 1747 eou-

137 1771 278 1832 stiterant
298 1771 447 1831 interiecti
462 1780 542 1832 sunt.
574 1770 729 1846 praetorio
744 1770 879 1845 deiecto,
900 1769 1027 1845 direptis
1042 1785 1121 1846 quae

57 1900 63 1914 .
138 1855 180 1916 ibi
203 1855 339 1927 luerunt,
361 1855 401 1914 ad
423 1855 631 1931 quaestorium
646 1855 746 1915 iorum
761 1853 1000 1931 quintanamque
1015 1853 1121 1915 hostes

138 1947 354 2015 pervenerunt
383 1937 507 1999 ibicum
523 1940 656 2000 omnium
668 1953 770 1998 rerum
785 1944 921 2014 paratam
936 1938 1121 2013 expositam·

139 2038 203 2099 que
229 2022 350 2099 copiam
370 2029 401 2083 et
420 2030 533 2084 stratos
558 2026 655 2085 lectos
676 2023 706 2083 in
728 2022 905 2098 quaestorio
925 2021 1121 2094 invenissent,

138 2106 266 2181 regulus
282 2106 438 2167 accubans
453 2108 571 2183 epulari
587 2107 698 2183 eoepit.
717 2121 791 2167 mox
806 2106 886 2166 idem
899 2102 991 2165 ceteri
1004 2119 1119 2177 omnes,

139 2206 293 2252 armorum
313 2190 507 2266 hostiumque
522 2192 621 2264 obliti,
643 2191 773 2279 iaciunt3
800 2196 830 2250 et
844 2196 878 2250 ut
892 2187 1026 2264 quibus
1018 2204 1121 2249 rnsue·

138 2280 188 2335 tus
209 2274 364 2335 liberalior
381 2272 481 2336 victus
496 2283 595 2348 esset,
617 2256 738 2336 avidius
756 2275 829 2334 vino
845 2274 978 2349 ciboque
992 2288 1122 2348 corpora

140 2366 279 2420 onerant

223 2443 274 2502 ill.
296 2443 497 2519 Nequaquam
518 2443 626 2503 eadem
647 2449 696 2503 est
716 2450 778 2504 tum
793 2443 837 2502 rei
852 2442 951 2504 torma
964 2400 1048 2516 apud
1062 2439 1123 2501 llo

139 2542 266 2595 manem
287 2533 368 2587 terra
384 2526 460 2587 marl
473 2526 659 2602 trepidatur
681 2527 793 2588 nautici
808 2526 1005 2587 tabernacula
1019 2524 1122 2585 deten-

139 2609 224 2682 dunt,
234 2610 517 2686 commeatumque
509 2625 538 2669 ιιι
550 2609 850 2686 tutoreexposrtum
841 2627 873 2670 tn
884 2625 980 2671 naves
991 2609 1122 2684 rapiunt,

138 2693 249 2756 milites
269 2694 300 2753 in
315 2694 450 2771 scaphas
464 2702 495 2755 et
508 2708 592 2753 mare
606 2694 698 2755 territi
713 2702 818 2769 ruunt,
840 2701 954 2756 nautae
966 2698 1064 2765 metu,
1083 2707 1123 2751 ne

140 2779 352 2852 compleantur
370 2778 505 2854 navigia,
528 2777 578 2837 alii
593 2778 700 2839 turbae
716 2779 884 2850 obsistunt,
905 2777 956 2838 alli
971 2778 1010 2837 ab
1024 2777 1125 2838 littore

139 2876 237 2921 naves
249 2862 277 2920 in
290 2864 382 2922 altum
397 2863 562 2937 expellunt.
577 2861 650 2922 inde
660 2869 823 2936 certamen,
837 2877 909 2921 mox
920 2860 1010 2920 etlam
1022 2874 1124 2936 pugna

140 2960 211 3005 oum
231 2945 409 3007 vulneribus
431 2954 461 3006 et
482 2945 578 3006 caede
599 2946 629 3005 in
646 2946 746 3006 vieem
760 2945 886 3006 militum
902 2950 1124 3019 nautarumque

139 3028 251 3104 oritur,
273 3030 373 3090 donec
394 3029 481 3091 iussu
502 3030 639 3090 consulis
661 3029 768 3104 prooul
783 3045 802 3088 a
815 3035 895 3089 terra
916 3028 1027 3090 elassis
1042 3043 1123 3089 sum·

55 3180 57 3184 ,
139 3120 222 3173 mota
243 3120 300 3173 est.
328 3129 491 3174 secernere
509 3114 581 3173 inde
595 3114 729 3174 inermes
743 3114 783 3173 ub
797 3111 921 3173 armatis
935 3113 1045 3189 coepit.
1072 3111 1123 3170 uix

140 3196 223 3255 mille
233 3196 355 3257 ducenti
366 3213 406 3258 ex
416 3205 498 3259 tanta
508 3196 709 3271 multitudine,
726 3197 779 3274 qui
790 3213 875 3257 arma
884 3197 1042 3269 haberent,
1055 3209 1123 3270 per-

139 3280 232 3354 pauoi
247 3281 377 3356 equites,
393 3284 445 3357 qui
460 3296 562 3357 equos
576 3296 681 3342 secum
696 3282 891 3356 eduxissent,
906 3281 1020 3343 inventi
1037 3283 1123 3339 sunta

140 3369 243 3423 cetera
263 3365 409 3425 deformis
425 3365 512 3427 turba
525 3366 610 3426 velut
623 3366 753 3427 lixarum
769 3367 987 3441 calonumque,
1009 3360 1124 3436 praeda

140 3461 214 3506 vere
225 3447 336 3524 lutura,
350 3449 377 3509 si
390 3449 459 3509 belli
470 3448 575 3510 hostes
586 3450 806 3511 meminissent.
830 3455 902 3509 tune
913 3449 1037 3507 demum
1048 3459 1123 3503 nun-

141 3529 201 3591 tius
216 3531 330 3593 missus
345 3533 385 3593 ad
400 3534 517 3594 tertiam
532 3532 684 3608 legionem
701 3531 907 3594 revocandam
923 3536 954 3590 et
969 3525 1123 3588 Gallorum
