2642 4017
202 147 273 253 ‘244
362 189 477 250 aman
490 188 594 248 xcrv.
616 187 699 248 cna.
714 196 813 252 soar.
837 192 1032 261 [ausen]

208 340 384 402 circumibat
403 338 472 414 ipse
486 335 621 410 ordines,
642 337 762 399 animos
777 338 905 400 militum
919 337 1072 401 hortando
1085 339 1117 401 in
1131 356 1191 417 pu·

207 440 299 501 guam
318 421 515 483 accendebat.
542 419 585 480 ibi
607 421 707 497 primo
728 424 847 482 alacres
863 422 986 497 signum
999 423 1190 500 poscebant,

208 507 336 580 deinde,
358 512 504 581 quantum
523 503 712 566 incresceret
724 511 846 578 aestua,
868 512 899 565 et
911 507 1015 569 nutus
1029 506 1132 568 minus
1145 525 1190 567 vr-
1312 596 1313 605 ἵ

207 598 316 667 gentes
335 594 366 649 et
385 603 480 650 voces
495 588 655 662 segniores
671 593 773 661 erent,
794 596 825 648 et
839 587 963 663 qnidam
976 589 1189 652 incumbentes

208 675 304 736 mutis
324 671 452 748 nixique
473 671 544 747 pilis
562 670 694 732 stabam
716 677 779 732 tum
793 671 854 731 ium
868 677 974 747 aperte
989 671 1094 747 primis
1107 674 1190 736 ordi·

207 757 299 819 nibus
314 757 457 831 imperat,
479 760 665 815 metarentur
686 755 817 815 frontem
831 762 1003 816 castrorum
1016 761 1048 816 et
1060 757 1189 834 impedi-

207 847 311 902 mento
328 839 556 901 constituerent
584 838 669 913 qued
688 836 742 898 ubi
760 838 827 899 beri
841 836 952 899 milites
966 854 1112 917 sensere,
1138 840 1188 901 aiil

207 926 343 1001 gaudere
362 922 478 998 palum,
501 921 586 996 qnod
609 921 714 983 fessos
735 921 804 981 viae
823 919 1189 999 labore'flugrantissimo

208 1015 297 1068 aestu
318 1022 379 1066 non
402 1004 557 1079 coegisset
584 1020 732 1080 pugnare.
760 1003 853 1080 legati
873 1005 955 1066 eirca
975 1006 1189 1083 imperatorem

207 1091 367 1167 ducesque
381 1089 499 1150 externi
513 1095 607 1163 erant,
627 1089 706 1150 inter
720 1104 800 1165 quos
814 1095 846 1150 et
858 1089 989 1165 Attalus,
1010 1106 1119 1152 omnes
1134 1107 1188 1168 ap·

208 1174 384 1250 probantes,
397 1186 466 1232 cum
477 1180 682 1248 pugnaturum
692 1174 852 1234 consulem
864 1173 1189 1250 credebant-neque

208 1258 289 1318 enim
309 1273 348 1318 ne
368 1256 416 1317 his
433 1255 556 1332 quidem
570 1255 797 1318 cunctationem
812 1264 976 1330 aperuerat
989 1274 1094 1319 suam:
1116 1267 1190 1320 tune

208 1341 373 1404 mutatione
387 1340 507 1401 consilii
520 1340 622 1401 subita
636 1356 706 1401 cum
720 1339 771 1400 alii
786 1339 919 1415 silerent,
933 1339 1047 1402 Nasica
1056 1356 1137 1403 unus
1149 1358 1189 1403 ex

208 1426 350 1487 omnibus
363 1440 460 1486 ausus
475 1433 523 1485 est
536 1439 661 1484 monere
677 1424 844 1498 consulem,
859 1439 906 1485 ne
919 1422 1040 1485 hostem
1050 1425 1189 1487 ludifica-

207 1516 271 1571 tum
285 1510 405 1586 priores
415 1509 617 1583 imperatores
628 1506 775 1582 mgiendo
786 1514 939 1568 certamen
950 1508 1091 1570 manibus
1103 1510 1188 1571 emit·

207 1600 300 1654 teret:
322 1592 421 1652 vereri
440 1607 480 1651 ne
500 1592 710 1662 nectentem,
733 1590 913 1666 sequendus
933 1592 1067 1654 maximo
1082 1592 1189 1655 labore

208 1691 246 1737 ac
267 1676 403 1751 periculo
424 1675 454 1735 in
475 1675 579 1736 intima
598 1674 799 1736 Macedoniae
820 1675 861 1736 sit
879 1675 1083 1753 illaesosque,
1108 1677 1188 1739 sicul

208 1759 363 1835 prioribus
384 1756 528 1831 ducibus,
552 1774 608 1835 per
628 1759 722 1819 calles
738 1760 898 1834 sellaeque
917 1757 1187 1823 Macedonicorum

209 1842 356 1903 montium
375 1842 518 1918 vagando
541 1843 773 1918 circumagatur.
795 1858 830 1903 se
844 1857 1032 1919 magnopere
1046 1845 1188 1920 suadere,

208 1927 282 1989 dum
301 1928 332 1987 in
352 1941 461 2003 campo
478 1925 592 2002 patenti
606 1925 728 1988 hostem
741 1925 867 2001 habeat,
893 1925 1104 2003 adgrediatur,
1129 1943 1188 1989 nec

208 2011 340 2072 oblatam
361 2011 556 2072 occasionem
575 2009 719 2071 vincendi
733 2010 856 2071 amittat.
880 2011 988 2071 consul
1003 2011 1076 2072 nihil
1091 2011 1187 2073 offen-

209 2112 263 2156 sus
285 2095 381 2155 libera
400 2095 607 2156 admonitione
626 2100 689 2153 tam
710 2093 784 2153 clari
804 2093 1011 2156 adolescentis
1031 2101 1088 2171 „et
1102 2099 1187 2170 ego“

207 2178 305 2254 inquit
315 2180 469 2252 „animum
479 2179 570 2240 istum
581 2178 683 2252 habui,
700 2177 821 2250 Nasica,
834 2192 926 2253 quem
936 2184 969 2239 tu
979 2190 1061 2242 nunc
1071 2179 1187 2250 babes,

209 2269 239 2323 et
253 2278 345 2339 quern
358 2279 417 2338 ego
432 2278 514 2323 nunc
527 2262 637 2336 habeo,
651 2269 685 2323 lu
698 2261 837 2322 habebis.
862 2262 962 2324 mullis
976 2262 1049 2323 belli
1063 2262 1187 2324 casibus

209 2347 316 2418 didici,
339 2345 463 2422 quando
477 2346 689 2421 pugnandum,
713 2344 839 2421 quando
854 2345 1069 2408 abstinendum
1083 2362 1189 2422 pugna

208 2429 257 2491 sit.
287 2445 350 2490 non
372 2444 485 2504 operae
506 2429 545 2488 sil
563 2428 655 2488 stanti
669 2429 796 2488 nuncin
810 2426 877 2489 acle
892 2430 1005 2491 docere
1020 2429 1132 2507 quibus
1147 2430 1188 2490 de

208 2513 311 2573 causis
325 2512 418 2572 bodie
435 2512 560 2584 quiesse
575 2511 683 2571 melius
698 2511 747 2572 sil.
769 2513 905 2575 rabones
920 2514 997 2574 alias
1011 2512 1186 2590 reposcite:

207 2610 289 2654 nunc
303 2592 483 2654 auctoritate
495 2593 608 2654 veteris
619 2594 812 2670 imperatoris
824 2602 986 2659 contentus
997 2598 1091 2659 cris.“
1114 2613 1187 2658 con-

207 2678 293 2738 licuit
306 2677 505 2737 adelescens=
528 2678 612 2739 haud
626 2676 719 2739 dubie
732 2678 839 2740 videre
853 2681 956 2757 aliqua
968 2680 1187 2758 impedimenta

207 2776 330 2837 pugnae
337 2763 505 2837 considam,
518 2760 665 2838 quaesibi
675 2779 737 2825 non
748 2772 943 2840 apparerent
953 2765 1101 2827 xxxvii
1109 2765 1187 2827 Pau·

208 2846 256 2906 lus
281 2853 447 2922 postquam
472 2853 583 2908 metata
608 2852 710 2908 castra
733 2848 1013 2924 impedimentaque
1038 2850 1188 2911 cossocata

209 2927 435 3005 animadvertit,
456 2947 495 2992 ex
516 2939 674 3007 postrema
687 2932 752 2992 acie
766 2931 887 2993 triarios
902 2933 1018 3009 primos
1034 2931 1187 3019 subducit,

209 3013 321 3074 deinde
335 3014 501 3091 principes,
517 3017 667 3078 stantibus
681 3015 713 3076 in
729 3016 828 3091 prima
841 3015 908 3076 acie
919 3016 1058 3090 hastatis,
1074 3015 1186 3092 siquid

207 3096 307 3158 bostis
334 3106 485 3172 moveret,
511 3106 667 3174 postremo
688 3098 840 3173 hastatos
867 3099 906 3160 ab
927 3100 1035 3162 dextro
1057 3099 1188 3176 primum

209 3197 306 3243 comu
326 3181 516 3256 singulorum
536 3184 681 3258 paulatim
696 3182 854 3258 signorum
867 3184 977 3245 milites
992 3183 1187 3245 subtrabens.

196 3266 251 3335 ,ita
270 3265 390 3342 pedites
410 3264 564 3338 equitibus
585 3282 655 3327 cnm
669 3267 729 3326 levi
744 3273 896 3328 armatum
910 3275 980 3329 ante
994 3267 1092 3328 aciem
1105 3266 1187 3329 hosti

210 3349 363 3425 oppositis
374 3349 441 3410 sine
452 3350 580 3409 tumultu
591 3348 724 3423 abducti,
734 3366 793 3411 nec
804 3357 883 3425 ante,
895 3367 986 3426 quam
993 3351 1092 3426 prima
1099 3352 1186 3412 irons

211 3432 281 3492 valli
301 3449 338 3494 ac
356 3432 444 3494 lassa
463 3431 612 3507 perducta
627 3439 688 3506 est,
709 3450 750 3494 ex
769 3434 900 3495 statione
915 3433 1035 3509 equites
1049 3434 1188 3496 revocati
