<?xml version="1.0" encoding="UTF-8"?>
<!DOCTYPE html PUBLIC "-//W3C//DTD XHTML 1.0 Transitional//EN"
    "http://www.w3.org/TR/xhtml1/DTD/xhtml1-transitional.dtd">
<html xmlns="http://www.w3.org/1999/xhtml" xml:lang="en" lang="en">
 <head>
  <title>
</title>
<meta http-equiv="Content-Type" content="text/html;charset=utf-8" />
  <meta name='ocr-system' content='tesseract 3.04.00' />
  <meta name='ocr-capabilities' content='ocr_page ocr_carea ocr_par ocr_line ocrx_word'/>
</head>
<body>
  <div class='ocr_page' id='page_1' title='image "./aburbeconditali01mlgoog_0060.png"; bbox 0 0 2642 4017; ppageno 0'>
   <div class='ocr_carea' id='block_1_1' title="bbox 248 256 1093 333">
    <p class='ocr_par' dir='ltr' id='par_1_1' title="bbox 248 256 1093 333">
     <span class='ocr_line' id='line_1_1' title="bbox 248 256 1093 333; baseline 0 -12"><span class='ocrx_word' id='word_1_1' title='bbox 248 258 290 321; x_wconf 90' lang='lat' dir='ltr'><strong>ao</strong></span> <span class='ocrx_word' id='word_1_2' title='bbox 375 256 510 319; x_wconf 66' lang='lat' dir='ltr'><strong>amun</strong></span> <span class='ocrx_word' id='word_1_3' title='bbox 523 257 655 319; x_wconf 80' lang='lat' dir='ltr'><strong>xxxix.</strong></span> <span class='ocrx_word' id='word_1_4' title='bbox 677 257 759 318; x_wconf 75' lang='lat' dir='ltr'><strong>cnr.</strong></span> <span class='ocrx_word' id='word_1_5' title='bbox 773 266 874 321; x_wconf 73' lang='lat' dir='ltr'><strong>arar.</strong></span> <span class='ocrx_word' id='word_1_6' title='bbox 896 264 1015 333; x_wconf 56' lang='lat' dir='ltr'><strong>[ana</strong></span> <span class='ocrx_word' id='word_1_7' title='bbox 1029 267 1093 323; x_wconf 70' lang='lat' dir='ltr'><strong>amr</strong></span> 
     </span>
    </p>
   </div>
   <div class='ocr_carea' id='block_1_2' title="bbox 246 408 1236 488">
    <p class='ocr_par' dir='ltr' id='par_1_2' title="bbox 246 408 1236 488">
     <span class='ocr_line' id='line_1_2' title="bbox 246 408 1236 488; baseline 0.002 -17"><span class='ocrx_word' id='word_1_8' title='bbox 246 409 381 488; x_wconf 89' lang='lat' dir='ltr'><strong>proeliis.</strong></span> <span class='ocrx_word' id='word_1_9' title='bbox 409 424 466 470; x_wconf 85' lang='lat' dir='ltr'><strong>sex</strong></span> <span class='ocrx_word' id='word_1_10' title='bbox 484 416 644 485; x_wconf 85' lang='lat' dir='ltr'><strong>praeterea</strong></span> <span class='ocrx_word' id='word_1_11' title='bbox 665 408 781 485; x_wconf 90' lang='lat' dir='ltr'><strong>oppida</strong></span> <span class='ocrx_word' id='word_1_12' title='bbox 795 424 903 469; x_wconf 90' lang='lat' dir='ltr'><strong>eorum</strong></span> <span class='ocrx_word' id='word_1_13' title='bbox 917 417 1120 485; x_wconf 72' lang='lat' dir='ltr'><strong>expugnavit,</strong></span> <span class='ocrx_word' id='word_1_14' title='bbox 1141 414 1236 473; x_wconf 82' lang='lat' dir='ltr'><strong>multo</strong></span> 
     </span>
    </p>
   </div>
   <div class='ocr_carea' id='block_1_3' title="bbox 238 489 1315 3581">
    <p class='ocr_par' dir='ltr' id='par_1_3' title="bbox 246 489 1232 654">
     <span class='ocr_line' id='line_1_3' title="bbox 247 489 1232 570; baseline 0 -15"><span class='ocrx_word' id='word_1_15' title='bbox 247 494 328 555; x_wconf 88' lang='lat' dir='ltr'><strong>milia</strong></span> <span class='ocrx_word' id='word_1_16' title='bbox 347 492 502 554; x_wconf 90' lang='lat' dir='ltr'><strong>hominum</strong></span> <span class='ocrx_word' id='word_1_17' title='bbox 517 493 547 553; x_wconf 93' lang='lat' dir='ltr'><strong>in</strong></span> <span class='ocrx_word' id='word_1_18' title='bbox 562 489 600 552; x_wconf 90' lang='lat' dir='ltr'><strong>iis</strong></span> <span class='ocrx_word' id='word_1_19' title='bbox 617 492 714 568; x_wconf 80' lang='lat' dir='ltr'><strong>cepit3</strong></span> <span class='ocrx_word' id='word_1_20' title='bbox 735 492 808 552; x_wconf 91' lang='lat' dir='ltr'><strong>belli</strong></span> <span class='ocrx_word' id='word_1_21' title='bbox 822 498 965 553; x_wconf 82' lang='lat' dir='ltr'><strong>auctores</strong></span> <span class='ocrx_word' id='word_1_22' title='bbox 979 502 1043 554; x_wconf 90' lang='lat' dir='ltr'><strong>tres</strong></span> <span class='ocrx_word' id='word_1_23' title='bbox 1057 501 1094 555; x_wconf 85' lang='lat' dir='ltr'><strong>et</strong></span> <span class='ocrx_word' id='word_1_24' title='bbox 1103 496 1232 570; x_wconf 86' lang='lat' dir='ltr'><strong>quadra-</strong></span> 
     </span>
     <span class='ocr_line' id='line_1_4' title="bbox 246 576 623 654; baseline -0.005 -17"><span class='ocrx_word' id='word_1_25' title='bbox 246 577 331 654; x_wconf 76' lang='lat' dir='ltr'><strong>ginta</strong></span> <span class='ocrx_word' id='word_1_26' title='bbox 345 577 446 638; x_wconf 87' lang='lat' dir='ltr'><strong>securi</strong></span> <span class='ocrx_word' id='word_1_27' title='bbox 459 576 623 653; x_wconf 79' lang='lat' dir='ltr'><strong>percussit.</strong></span> 
     </span>
    </p>

    <p class='ocr_par' dir='ltr' id='par_1_4' title="bbox 239 658 1315 3243">
     <span class='ocr_line' id='line_1_5' title="bbox 329 658 1235 737; baseline 0.003 -16"><span class='ocrx_word' id='word_1_28' title='bbox 329 663 392 721; x_wconf 91' lang='lat' dir='ltr'><strong>lam</strong></span> <span class='ocrx_word' id='word_1_29' title='bbox 408 658 599 722; x_wconf 87' lang='lat' dir='ltr'><strong>comitiorum</strong></span> <span class='ocrx_word' id='word_1_30' title='bbox 609 661 775 737; x_wconf 89' lang='lat' dir='ltr'><strong>appetebat</strong></span> <span class='ocrx_word' id='word_1_31' title='bbox 785 666 917 736; x_wconf 88' lang='lat' dir='ltr'><strong>tempus.</strong></span> <span class='ocrx_word' id='word_1_32' title='bbox 940 660 1024 735; x_wconf 91' lang='lat' dir='ltr'><strong>prior</strong></span> <span class='ocrx_word' id='word_1_33' title='bbox 1034 669 1135 722; x_wconf 85' lang='lat' dir='ltr'><strong>tamen</strong></span> <span class='ocrx_word' id='word_1_34' title='bbox 1147 663 1235 724; x_wconf 86' lang='lat' dir='ltr'><strong>clau·</strong></span> 
     </span>
     <span class='ocr_line' id='line_1_6' title="bbox 246 742 1234 821; baseline -0.001 -15"><span class='ocrx_word' id='word_1_35' title='bbox 246 745 317 806; x_wconf 92' lang='lat' dir='ltr'><strong>dius</strong></span> <span class='ocrx_word' id='word_1_36' title='bbox 333 760 426 820; x_wconf 88' lang='lat' dir='ltr'><strong>quam</strong></span> <span class='ocrx_word' id='word_1_37' title='bbox 441 742 659 819; x_wconf 83' lang='lat' dir='ltr'><strong>Sempronius,</strong></span> <span class='ocrx_word' id='word_1_38' title='bbox 682 745 732 805; x_wconf 91' lang='lat' dir='ltr'><strong>cui</strong></span> <span class='ocrx_word' id='word_1_39' title='bbox 748 760 819 805; x_wconf 91' lang='lat' dir='ltr'><strong>sors</strong></span> <span class='ocrx_word' id='word_1_40' title='bbox 834 742 955 804; x_wconf 89' lang='lat' dir='ltr'><strong>comitia</strong></span> <span class='ocrx_word' id='word_1_41' title='bbox 970 743 1102 805; x_wconf 89' lang='lat' dir='ltr'><strong>habendi</strong></span> <span class='ocrx_word' id='word_1_42' title='bbox 1117 745 1234 821; x_wconf 77' lang='lat' dir='ltr'><strong>oblige-</strong></span> 
     </span>
     <span class='ocr_line' id='line_1_7' title="bbox 245 826 1234 905; baseline 0.002 -16"><span class='ocrx_word' id='word_1_43' title='bbox 245 838 300 905; x_wconf 84' lang='lat' dir='ltr'><strong>rat,</strong></span> <span class='ocrx_word' id='word_1_44' title='bbox 314 829 443 889; x_wconf 86' lang='lat' dir='ltr'><strong>Romam</strong></span> <span class='ocrx_word' id='word_1_45' title='bbox 457 828 549 902; x_wconf 90' lang='lat' dir='ltr'><strong>venit,</strong></span> <span class='ocrx_word' id='word_1_46' title='bbox 565 826 637 903; x_wconf 90' lang='lat' dir='ltr'><strong>quia</strong></span> <span class='ocrx_word' id='word_1_47' title='bbox 649 828 681 887; x_wconf 87' lang='lat' dir='ltr'><strong>P.</strong></span> <span class='ocrx_word' id='word_1_48' title='bbox 694 827 839 889; x_wconf 85' lang='lat' dir='ltr'><strong>claudius</strong></span> <span class='ocrx_word' id='word_1_49' title='bbox 855 829 948 889; x_wconf 84' lang='lat' dir='ltr'><strong>irater</strong></span> <span class='ocrx_word' id='word_1_50' title='bbox 961 826 1029 889; x_wconf 91' lang='lat' dir='ltr'><strong>eius</strong></span> <span class='ocrx_word' id='word_1_51' title='bbox 1041 830 1234 891; x_wconf 83' lang='lat' dir='ltr'><strong>consulatum</strong></span> 
     </span>
     <span class='ocr_line' id='line_1_8' title="bbox 245 909 1233 988; baseline -0.001 -15"><span class='ocrx_word' id='word_1_52' title='bbox 245 913 379 988; x_wconf 89' lang='lat' dir='ltr'><strong>petebat.</strong></span> <span class='ocrx_word' id='word_1_53' title='bbox 413 909 630 986; x_wconf 75' lang='lat' dir='ltr'><strong>competitores</strong></span> <span class='ocrx_word' id='word_1_54' title='bbox 651 912 785 973; x_wconf 89' lang='lat' dir='ltr'><strong>habebat</strong></span> <span class='ocrx_word' id='word_1_55' title='bbox 804 910 950 987; x_wconf 89' lang='lat' dir='ltr'><strong>patricios</strong></span> <span class='ocrx_word' id='word_1_56' title='bbox 970 911 1003 970; x_wconf 88' lang='lat' dir='ltr'><strong>L.</strong></span> <span class='ocrx_word' id='word_1_57' title='bbox 1018 911 1181 973; x_wconf 85' lang='lat' dir='ltr'><strong>Aemilium</strong></span> <span class='ocrx_word' id='word_1_58' title='bbox 1198 912 1233 986; x_wconf 79' lang='lat' dir='ltr'><strong>Q.</strong></span> 
     </span>
     <span class='ocr_line' id='line_1_9' title="bbox 243 992 1233 1070; baseline -0.002 -13"><span class='ocrx_word' id='word_1_59' title='bbox 243 995 371 1057; x_wconf 87' lang='lat' dir='ltr'><strong>Fabium</strong></span> <span class='ocrx_word' id='word_1_60' title='bbox 386 993 453 1056; x_wconf 90' lang='lat' dir='ltr'><strong>Ser.</strong></span> <span class='ocrx_word' id='word_1_61' title='bbox 469 992 638 1070; x_wconf 90' lang='lat' dir='ltr'><strong>Sulpicium</strong></span> <span class='ocrx_word' id='word_1_62' title='bbox 655 994 791 1068; x_wconf 84' lang='lat' dir='ltr'><strong>Galbam,</strong></span> <span class='ocrx_word' id='word_1_63' title='bbox 807 1000 928 1056; x_wconf 89' lang='lat' dir='ltr'><strong>veteres</strong></span> <span class='ocrx_word' id='word_1_64' title='bbox 943 995 1133 1070; x_wconf 88' lang='lat' dir='ltr'><strong>candidatos,</strong></span> <span class='ocrx_word' id='word_1_65' title='bbox 1149 1002 1181 1057; x_wconf 91' lang='lat' dir='ltr'><strong>et</strong></span> <span class='ocrx_word' id='word_1_66' title='bbox 1193 996 1233 1055; x_wconf 88' lang='lat' dir='ltr'><strong>ab</strong></span> 
     </span>
     <span class='ocr_line' id='line_1_10' title="bbox 244 1076 1234 1155; baseline 0 -16"><span class='ocrx_word' id='word_1_67' title='bbox 244 1079 378 1155; x_wconf 81' lang='lat' dir='ltr'><strong>repulsis</strong></span> <span class='ocrx_word' id='word_1_68' title='bbox 393 1093 431 1139; x_wconf 93' lang='lat' dir='ltr'><strong>eo</strong></span> <span class='ocrx_word' id='word_1_69' title='bbox 446 1076 544 1153; x_wconf 80' lang='lat' dir='ltr'><strong>magis</strong></span> <span class='ocrx_word' id='word_1_70' title='bbox 559 1078 710 1153; x_wconf 86' lang='lat' dir='ltr'><strong>debitum,</strong></span> <span class='ocrx_word' id='word_1_71' title='bbox 732 1079 805 1153; x_wconf 86' lang='lat' dir='ltr'><strong>qula</strong></span> <span class='ocrx_word' id='word_1_72' title='bbox 820 1077 918 1153; x_wconf 89' lang='lat' dir='ltr'><strong>primo</strong></span> <span class='ocrx_word' id='word_1_73' title='bbox 933 1085 1062 1153; x_wconf 80' lang='lat' dir='ltr'><strong>negatus</strong></span> <span class='ocrx_word' id='word_1_74' title='bbox 1077 1085 1157 1152; x_wconf 88' lang='lat' dir='ltr'><strong>erat,</strong></span> <span class='ocrx_word' id='word_1_75' title='bbox 1177 1078 1234 1139; x_wconf 90' lang='lat' dir='ltr'><strong>ho·</strong></span> 
     </span>
     <span class='ocr_line' id='line_1_11' title="bbox 245 1160 1234 1239; baseline -0.001 -16"><span class='ocrx_word' id='word_1_76' title='bbox 245 1178 350 1224; x_wconf 89' lang='lat' dir='ltr'><strong>norem</strong></span> <span class='ocrx_word' id='word_1_77' title='bbox 370 1168 556 1238; x_wconf 75' lang='lat' dir='ltr'><strong>repetentes.</strong></span> <span class='ocrx_word' id='word_1_78' title='bbox 588 1160 679 1224; x_wconf 90' lang='lat' dir='ltr'><strong>etiam</strong></span> <span class='ocrx_word' id='word_1_79' title='bbox 700 1162 773 1238; x_wconf 87' lang='lat' dir='ltr'><strong>qula</strong></span> <span class='ocrx_word' id='word_1_80' title='bbox 787 1163 858 1238; x_wconf 92' lang='lat' dir='ltr'><strong>plus</strong></span> <span class='ocrx_word' id='word_1_81' title='bbox 873 1177 963 1237; x_wconf 85' lang='lat' dir='ltr'><strong>quam</strong></span> <span class='ocrx_word' id='word_1_82' title='bbox 978 1179 1072 1224; x_wconf 90' lang='lat' dir='ltr'><strong>unum</strong></span> <span class='ocrx_word' id='word_1_83' title='bbox 1087 1178 1126 1223; x_wconf 85' lang='lat' dir='ltr'><strong>ex</strong></span> <span class='ocrx_word' id='word_1_84' title='bbox 1140 1160 1234 1239; x_wconf 90' lang='lat' dir='ltr'><strong>patri·</strong></span> 
     </span>
     <span class='ocr_line' id='line_1_12' title="bbox 246 1245 1233 1322; baseline -0.001 -16"><span class='ocrx_word' id='word_1_85' title='bbox 246 1246 301 1307; x_wconf 89' lang='lat' dir='ltr'><strong>ciis</strong></span> <span class='ocrx_word' id='word_1_86' title='bbox 322 1246 419 1306; x_wconf 89' lang='lat' dir='ltr'><strong>creari</strong></span> <span class='ocrx_word' id='word_1_87' title='bbox 440 1261 501 1305; x_wconf 91' lang='lat' dir='ltr'><strong>non</strong></span> <span class='ocrx_word' id='word_1_88' title='bbox 522 1245 648 1322; x_wconf 78' lang='lat' dir='ltr'><strong>licebat,</strong></span> <span class='ocrx_word' id='word_1_89' title='bbox 669 1247 762 1307; x_wconf 82' lang='lat' dir='ltr'><strong>artior</strong></span> <span class='ocrx_word' id='word_1_90' title='bbox 782 1246 887 1322; x_wconf 90' lang='lat' dir='ltr'><strong>petitio</strong></span> <span class='ocrx_word' id='word_1_91' title='bbox 902 1252 1045 1321; x_wconf 85' lang='lat' dir='ltr'><strong>quattuor</strong></span> <span class='ocrx_word' id='word_1_92' title='bbox 1058 1246 1233 1322; x_wconf 88' lang='lat' dir='ltr'><strong>petentibus</strong></span> 
     </span>
     <span class='ocr_line' id='line_1_13' title="bbox 245 1327 1233 1405; baseline 0 -15"><span class='ocrx_word' id='word_1_93' title='bbox 245 1336 319 1390; x_wconf 88' lang='lat' dir='ltr'><strong>erat.</strong></span> <span class='ocrx_word' id='word_1_94' title='bbox 341 1328 454 1405; x_wconf 88' lang='lat' dir='ltr'><strong>plebeii</strong></span> <span class='ocrx_word' id='word_1_95' title='bbox 470 1345 594 1405; x_wconf 91' lang='lat' dir='ltr'><strong>qnoque</strong></span> <span class='ocrx_word' id='word_1_96' title='bbox 608 1328 735 1405; x_wconf 78' lang='lat' dir='ltr'><strong>gratiosi</strong></span> <span class='ocrx_word' id='word_1_97' title='bbox 746 1330 886 1391; x_wconf 90' lang='lat' dir='ltr'><strong>homines</strong></span> <span class='ocrx_word' id='word_1_98' title='bbox 898 1330 1050 1405; x_wconf 89' lang='lat' dir='ltr'><strong>petebant,</strong></span> <span class='ocrx_word' id='word_1_99' title='bbox 1061 1330 1094 1389; x_wconf 93' lang='lat' dir='ltr'><strong>L.</strong></span> <span class='ocrx_word' id='word_1_100' title='bbox 1105 1327 1233 1390; x_wconf 85' lang='lat' dir='ltr'><strong>Porcius</strong></span> 
     </span>
     <span class='ocr_line' id='line_1_14' title="bbox 245 1412 1254 1489; baseline 0 -17"><span class='ocrx_word' id='word_1_101' title='bbox 245 1413 279 1487; x_wconf 80' lang='lat' dir='ltr'><strong>Q.</strong></span> <span class='ocrx_word' id='word_1_102' title='bbox 293 1414 453 1480; x_wconf 82' lang='lat' dir='ltr'><strong>Terentius</strong></span> <span class='ocrx_word' id='word_1_103' title='bbox 468 1413 572 1475; x_wconf 83' lang='lat' dir='ltr'><strong>Culleo</strong></span> <span class='ocrx_word' id='word_1_104' title='bbox 587 1413 640 1473; x_wconf 86' lang='lat' dir='ltr'><strong>cn.</strong></span> <span class='ocrx_word' id='word_1_105' title='bbox 654 1414 789 1474; x_wconf 87' lang='lat' dir='ltr'><strong>Baebius</strong></span> <span class='ocrx_word' id='word_1_106' title='bbox 803 1412 997 1489; x_wconf 85' lang='lat' dir='ltr'><strong>Tamphilus,</strong></span> <span class='ocrx_word' id='word_1_107' title='bbox 1017 1413 1092 1474; x_wconf 92' lang='lat' dir='ltr'><strong>ethi</strong></span> <span class='ocrx_word' id='word_1_108' title='bbox 1105 1413 1232 1488; x_wconf 83' lang='lat' dir='ltr'><strong>repulsi,</strong></span> <span class='ocrx_word' id='word_1_109' title='bbox 1250 1415 1254 1422; x_wconf 81' lang='grc'><strong>’</strong></span> 
     </span>
     <span class='ocr_line' id='line_1_15' title="bbox 244 1495 1315 1576; baseline -0.001 -18"><span class='ocrx_word' id='word_1_110' title='bbox 244 1498 275 1558; x_wconf 93' lang='lat' dir='ltr'><strong>in</strong></span> <span class='ocrx_word' id='word_1_111' title='bbox 290 1513 378 1574; x_wconf 91' lang='lat' dir='ltr'><strong>spem</strong></span> <span class='ocrx_word' id='word_1_112' title='bbox 389 1497 573 1574; x_wconf 89' lang='lat' dir='ltr'><strong>impetrandi</strong></span> <span class='ocrx_word' id='word_1_113' title='bbox 584 1498 708 1558; x_wconf 78' lang='lat' dir='ltr'><strong>tandmn</strong></span> <span class='ocrx_word' id='word_1_114' title='bbox 718 1498 884 1574; x_wconf 88' lang='lat' dir='ltr'><strong>aliquando</strong></span> <span class='ocrx_word' id='word_1_115' title='bbox 896 1496 1022 1557; x_wconf 91' lang='lat' dir='ltr'><strong>honoris</strong></span> <span class='ocrx_word' id='word_1_116' title='bbox 1034 1496 1128 1559; x_wconf 86' lang='lat' dir='ltr'><strong>dilati.</strong></span> <span class='ocrx_word' id='word_1_117' title='bbox 1143 1495 1233 1557; x_wconf 83' lang='lat' dir='ltr'><strong>clau·</strong></span> <span class='ocrx_word' id='word_1_118' title='bbox 1314 1573 1315 1576; x_wconf 8' lang='grc' dir='ltr'><strong>Ἴ</strong></span> 
     </span>
     <span class='ocr_line' id='line_1_16' title="bbox 245 1579 1315 1660; baseline 0 -20"><span class='ocrx_word' id='word_1_119' title='bbox 245 1582 315 1641; x_wconf 90' lang='lat' dir='ltr'><strong>dius</strong></span> <span class='ocrx_word' id='word_1_120' title='bbox 335 1598 416 1643; x_wconf 91' lang='lat' dir='ltr'><strong>unns</strong></span> <span class='ocrx_word' id='word_1_121' title='bbox 437 1597 477 1641; x_wconf 86' lang='lat' dir='ltr'><strong>ex</strong></span> <span class='ocrx_word' id='word_1_122' title='bbox 500 1580 641 1641; x_wconf 88' lang='lat' dir='ltr'><strong>omnibus</strong></span> <span class='ocrx_word' id='word_1_123' title='bbox 663 1598 763 1643; x_wconf 91' lang='lat' dir='ltr'><strong>novus</strong></span> <span class='ocrx_word' id='word_1_124' title='bbox 779 1581 959 1642; x_wconf 88' lang='lat' dir='ltr'><strong>candidatus</strong></span> <span class='ocrx_word' id='word_1_125' title='bbox 975 1585 1049 1640; x_wconf 89' lang='lat' dir='ltr'><strong>erat.</strong></span> <span class='ocrx_word' id='word_1_126' title='bbox 1085 1579 1230 1656; x_wconf 91' lang='lat' dir='ltr'><strong>opinione</strong></span> <span class='ocrx_word' id='word_1_127' title='bbox 1314 1593 1315 1660; x_wconf 50' lang='lat' dir='ltr'><strong>p</strong></span> 
     </span>
     <span class='ocr_line' id='line_1_17' title="bbox 243 1662 1315 1738; baseline -0.002 -14"><span class='ocrx_word' id='word_1_128' title='bbox 243 1664 401 1725; x_wconf 90' lang='lat' dir='ltr'><strong>hominum</strong></span> <span class='ocrx_word' id='word_1_129' title='bbox 415 1666 498 1725; x_wconf 88' lang='lat' dir='ltr'><strong>haud</strong></span> <span class='ocrx_word' id='word_1_130' title='bbox 513 1664 607 1726; x_wconf 90' lang='lat' dir='ltr'><strong>dubie</strong></span> <span class='ocrx_word' id='word_1_131' title='bbox 620 1664 852 1727; x_wconf 86' lang='lat' dir='ltr'><strong>destinabantur</strong></span> <span class='ocrx_word' id='word_1_132' title='bbox 866 1662 1140 1738; x_wconf 67' lang='lat' dir='ltr'><strong>coattestatur</strong></span> <span class='ocrx_word' id='word_1_133' title='bbox 1155 1669 1187 1723; x_wconf 90' lang='lat' dir='ltr'><strong>et</strong></span> <span class='ocrx_word' id='word_1_134' title='bbox 1196 1664 1231 1723; x_wconf 89' lang='lat' dir='ltr'><strong>L.</strong></span> <span class='ocrx_word' id='word_1_135' title='bbox 1314 1665 1315 1672; x_wconf 75' lang='grc'>’</span> 
     </span>
     <span class='ocr_line' id='line_1_18' title="bbox 243 1746 1232 1810; baseline -0.001 -3"><span class='ocrx_word' id='word_1_136' title='bbox 243 1748 371 1809; x_wconf 89' lang='lat' dir='ltr'><strong>Porcius</strong></span> <span class='ocrx_word' id='word_1_137' title='bbox 386 1748 520 1809; x_wconf 86' lang='lat' dir='ltr'><strong>Licinus.</strong></span> <span class='ocrx_word' id='word_1_138' title='bbox 548 1749 605 1809; x_wconf 90' lang='lat' dir='ltr'><strong>sed</strong></span> <span class='ocrx_word' id='word_1_139' title='bbox 623 1749 768 1809; x_wconf 88' lang='lat' dir='ltr'><strong>Claudius</strong></span> <span class='ocrx_word' id='word_1_140' title='bbox 784 1749 893 1810; x_wconf 88' lang='lat' dir='ltr'><strong>consul</strong></span> <span class='ocrx_word' id='word_1_141' title='bbox 907 1749 976 1807; x_wconf 89' lang='lat' dir='ltr'><strong>sine</strong></span> <span class='ocrx_word' id='word_1_142' title='bbox 989 1746 1147 1808; x_wconf 89' lang='lat' dir='ltr'><strong>lictoribus</strong></span> <span class='ocrx_word' id='word_1_143' title='bbox 1163 1763 1232 1808; x_wconf 91' lang='lat' dir='ltr'><strong>cum</strong></span> 
     </span>
     <span class='ocr_line' id='line_1_19' title="bbox 244 1830 1232 1907; baseline 0.001 -17"><span class='ocrx_word' id='word_1_144' title='bbox 244 1832 337 1892; x_wconf 87' lang='lat' dir='ltr'><strong>tratre</strong></span> <span class='ocrx_word' id='word_1_145' title='bbox 350 1839 415 1893; x_wconf 92' lang='lat' dir='ltr'><strong>toto</strong></span> <span class='ocrx_word' id='word_1_146' title='bbox 431 1833 498 1893; x_wconf 85' lang='lat' dir='ltr'><strong>iero</strong></span> <span class='ocrx_word' id='word_1_147' title='bbox 513 1832 681 1907; x_wconf 89' lang='lat' dir='ltr'><strong>volitando,</strong></span> <span class='ocrx_word' id='word_1_148' title='bbox 696 1832 919 1894; x_wconf 85' lang='lat' dir='ltr'><strong>clamitantibus</strong></span> <span class='ocrx_word' id='word_1_149' title='bbox 931 1830 1117 1891; x_wconf 87' lang='lat' dir='ltr'><strong>adversariis</strong></span> <span class='ocrx_word' id='word_1_150' title='bbox 1128 1837 1159 1891; x_wconf 86' lang='lat' dir='ltr'><strong>et</strong></span> <span class='ocrx_word' id='word_1_151' title='bbox 1169 1847 1232 1891; x_wconf 89' lang='lat' dir='ltr'><strong>ma·</strong></span> 
     </span>
     <span class='ocr_line' id='line_1_20' title="bbox 244 1914 1230 1991; baseline 0 -16"><span class='ocrx_word' id='word_1_152' title='bbox 244 1915 309 1976; x_wconf 92' lang='lat' dir='ltr'><strong>iore</strong></span> <span class='ocrx_word' id='word_1_153' title='bbox 323 1923 410 1991; x_wconf 88' lang='lat' dir='ltr'><strong>parte</strong></span> <span class='ocrx_word' id='word_1_154' title='bbox 425 1923 551 1978; x_wconf 86' lang='lat' dir='ltr'><strong>senatus</strong></span> <span class='ocrx_word' id='word_1_155' title='bbox 566 1917 743 1977; x_wconf 89' lang='lat' dir='ltr'><strong>meminisse</strong></span> <span class='ocrx_word' id='word_1_156' title='bbox 757 1932 828 1977; x_wconf 90' lang='lat' dir='ltr'><strong>cum</strong></span> <span class='ocrx_word' id='word_1_157' title='bbox 841 1915 955 1976; x_wconf 89' lang='lat' dir='ltr'><strong>debere</strong></span> <span class='ocrx_word' id='word_1_158' title='bbox 968 1914 1054 1990; x_wconf 90' lang='lat' dir='ltr'><strong>prius</strong></span> <span class='ocrx_word' id='word_1_159' title='bbox 1069 1929 1105 1975; x_wconf 90' lang='lat' dir='ltr'><strong>se</strong></span> <span class='ocrx_word' id='word_1_160' title='bbox 1119 1929 1230 1975; x_wconf 88' lang='lat' dir='ltr'><strong>consu·</strong></span> 
     </span>
     <span class='ocr_line' id='line_1_21' title="bbox 245 1998 1232 2075; baseline -0.001 -17"><span class='ocrx_word' id='word_1_161' title='bbox 245 2000 303 2059; x_wconf 88' lang='lat' dir='ltr'><strong>lem</strong></span> <span class='ocrx_word' id='word_1_162' title='bbox 324 1999 432 2075; x_wconf 91' lang='lat' dir='ltr'><strong>populi</strong></span> <span class='ocrx_word' id='word_1_163' title='bbox 452 1998 581 2060; x_wconf 85' lang='lat' dir='ltr'><strong>Romani</strong></span> <span class='ocrx_word' id='word_1_164' title='bbox 603 2016 694 2074; x_wconf 88' lang='lat' dir='ltr'><strong>quom</strong></span> <span class='ocrx_word' id='word_1_165' title='bbox 715 2001 839 2060; x_wconf 84' lang='lat' dir='ltr'><strong>tratrem</strong></span> <span class='ocrx_word' id='word_1_166' title='bbox 857 1999 890 2057; x_wconf 90' lang='lat' dir='ltr'><strong>P.</strong></span> <span class='ocrx_word' id='word_1_167' title='bbox 911 1998 1028 2059; x_wconf 83' lang='lat' dir='ltr'><strong>claudii</strong></span> <span class='ocrx_word' id='word_1_168' title='bbox 1046 2013 1135 2059; x_wconf 72' lang='lat' dir='ltr'><strong>esser</strong></span> <span class='ocrx_word' id='word_1_169' title='bbox 1158 1999 1232 2074; x_wconf 90' lang='lat' dir='ltr'><strong>quin</strong></span> 
     </span>
     <span class='ocr_line' id='line_1_22' title="bbox 243 2080 1314 2157; baseline 0.001 -16"><span class='ocrx_word' id='word_1_170' title='bbox 243 2082 293 2142; x_wconf 92' lang='lat' dir='ltr'><strong>ille</strong></span> <span class='ocrx_word' id='word_1_171' title='bbox 314 2083 428 2141; x_wconf 91' lang='lat' dir='ltr'><strong>sedens</strong></span> <span class='ocrx_word' id='word_1_172' title='bbox 450 2098 508 2156; x_wconf 92' lang='lat' dir='ltr'><strong>pro</strong></span> <span class='ocrx_word' id='word_1_173' title='bbox 521 2083 663 2143; x_wconf 90' lang='lat' dir='ltr'><strong>tribunali</strong></span> <span class='ocrx_word' id='word_1_174' title='bbox 678 2089 732 2142; x_wconf 88' lang='lat' dir='ltr'><strong>aut</strong></span> <span class='ocrx_word' id='word_1_175' title='bbox 745 2082 892 2143; x_wconf 89' lang='lat' dir='ltr'><strong>arbitrum</strong></span> <span class='ocrx_word' id='word_1_176' title='bbox 906 2091 959 2144; x_wconf 90' lang='lat' dir='ltr'><strong>aut</strong></span> <span class='ocrx_word' id='word_1_177' title='bbox 971 2080 1096 2142; x_wconf 91' lang='lat' dir='ltr'><strong>tacitum</strong></span> <span class='ocrx_word' id='word_1_178' title='bbox 1110 2090 1232 2157; x_wconf 83' lang='lat' dir='ltr'><strong>specta·</strong></span> <span class='ocrx_word' id='word_1_179' title='bbox 1313 2081 1314 2149; x_wconf 83' lang='lat' dir='ltr'><strong>l</strong></span> 
     </span>
     <span class='ocr_line' id='line_1_23' title="bbox 243 2163 1232 2240; baseline 0.001 -15"><span class='ocrx_word' id='word_1_180' title='bbox 243 2174 340 2225; x_wconf 89' lang='lat' dir='ltr'><strong>torem</strong></span> <span class='ocrx_word' id='word_1_181' title='bbox 369 2164 559 2226; x_wconf 89' lang='lat' dir='ltr'><strong>comitiorum</strong></span> <span class='ocrx_word' id='word_1_182' title='bbox 587 2180 623 2225; x_wconf 92' lang='lat' dir='ltr'><strong>se</strong></span> <span class='ocrx_word' id='word_1_183' title='bbox 649 2166 881 2240; x_wconf 79' lang='lat' dir='ltr'><strong>praeberett-</strong></span> <span class='ocrx_word' id='word_1_184' title='bbox 897 2163 1035 2227; x_wconf 83' lang='lat' dir='ltr'><strong>coerceri</strong></span> <span class='ocrx_word' id='word_1_185' title='bbox 1062 2172 1164 2225; x_wconf 89' lang='lat' dir='ltr'><strong>tamen</strong></span> <span class='ocrx_word' id='word_1_186' title='bbox 1192 2165 1232 2226; x_wconf 89' lang='lat' dir='ltr'><strong>ab</strong></span> 
     </span>
     <span class='ocr_line' id='line_1_24' title="bbox 243 2247 1232 2325; baseline -0.001 -17"><span class='ocrx_word' id='word_1_187' title='bbox 243 2247 343 2308; x_wconf 85' lang='lat' dir='ltr'><strong>effuso</strong></span> <span class='ocrx_word' id='word_1_188' title='bbox 365 2249 467 2310; x_wconf 92' lang='lat' dir='ltr'><strong>studio</strong></span> <span class='ocrx_word' id='word_1_189' title='bbox 489 2249 605 2325; x_wconf 89' lang='lat' dir='ltr'><strong>nequit.</strong></span> <span class='ocrx_word' id='word_1_190' title='bbox 641 2249 759 2323; x_wconf 82' lang='lat' dir='ltr'><strong>magnis</strong></span> <span class='ocrx_word' id='word_1_191' title='bbox 782 2247 1028 2311; x_wconf 87' lang='lat' dir='ltr'><strong>contentionibus</strong></span> <span class='ocrx_word' id='word_1_192' title='bbox 1042 2249 1232 2309; x_wconf 88' lang='lat' dir='ltr'><strong>tribunorum</strong></span> 
     </span>
     <span class='ocr_line' id='line_1_25' title="bbox 244 2330 1231 2408; baseline 0.001 -17"><span class='ocrx_word' id='word_1_193' title='bbox 244 2346 369 2407; x_wconf 85' lang='lat' dir='ltr'><strong>qnoque</strong></span> <span class='ocrx_word' id='word_1_194' title='bbox 389 2330 506 2408; x_wconf 91' lang='lat' dir='ltr'><strong>plebei,</strong></span> <span class='ocrx_word' id='word_1_195' title='bbox 529 2332 581 2408; x_wconf 85' lang='lat' dir='ltr'><strong>qui</strong></span> <span class='ocrx_word' id='word_1_196' title='bbox 602 2340 655 2393; x_wconf 90' lang='lat' dir='ltr'><strong>aut</strong></span> <span class='ocrx_word' id='word_1_197' title='bbox 677 2340 783 2393; x_wconf 82' lang='lat' dir='ltr'><strong>conua</strong></span> <span class='ocrx_word' id='word_1_198' title='bbox 804 2334 962 2394; x_wconf 91' lang='lat' dir='ltr'><strong>consulem</strong></span> <span class='ocrx_word' id='word_1_199' title='bbox 983 2340 1036 2392; x_wconf 91' lang='lat' dir='ltr'><strong>aut</strong></span> <span class='ocrx_word' id='word_1_200' title='bbox 1055 2348 1113 2407; x_wconf 90' lang='lat' dir='ltr'><strong>pro</strong></span> <span class='ocrx_word' id='word_1_201' title='bbox 1128 2331 1231 2393; x_wconf 86' lang='lat' dir='ltr'><strong>studio</strong></span> 
     </span>
     <span class='ocr_line' id='line_1_26' title="bbox 243 2415 1231 2492; baseline -0.003 -15"><span class='ocrx_word' id='word_1_202' title='bbox 243 2417 310 2477; x_wconf 89' lang='lat' dir='ltr'><strong>eius</strong></span> <span class='ocrx_word' id='word_1_203' title='bbox 331 2418 524 2492; x_wconf 84' lang='lat' dir='ltr'><strong>pugnabant,</strong></span> <span class='ocrx_word' id='word_1_204' title='bbox 546 2416 669 2478; x_wconf 91' lang='lat' dir='ltr'><strong>comitia</strong></span> <span class='ocrx_word' id='word_1_205' title='bbox 689 2416 874 2492; x_wconf 89' lang='lat' dir='ltr'><strong>aliquotiens</strong></span> <span class='ocrx_word' id='word_1_206' title='bbox 889 2417 1024 2490; x_wconf 92' lang='lat' dir='ltr'><strong>turbata,</strong></span> <span class='ocrx_word' id='word_1_207' title='bbox 1045 2415 1146 2476; x_wconf 89' lang='lat' dir='ltr'><strong>donec</strong></span> <span class='ocrx_word' id='word_1_208' title='bbox 1160 2431 1231 2490; x_wconf 90' lang='lat' dir='ltr'><strong>per·</strong></span> 
     </span>
     <span class='ocr_line' id='line_1_27' title="bbox 244 2498 1232 2575; baseline 0.001 -17"><span class='ocrx_word' id='word_1_209' title='bbox 244 2499 315 2562; x_wconf 81' lang='lat' dir='ltr'><strong>vicit</strong></span> <span class='ocrx_word' id='word_1_210' title='bbox 328 2500 465 2575; x_wconf 79' lang='lat' dir='ltr'><strong>Appius,</strong></span> <span class='ocrx_word' id='word_1_211' title='bbox 487 2505 520 2558; x_wconf 90' lang='lat' dir='ltr'><strong>ut</strong></span> <span class='ocrx_word' id='word_1_212' title='bbox 540 2501 659 2559; x_wconf 89' lang='lat' dir='ltr'><strong>deiecto</strong></span> <span class='ocrx_word' id='word_1_213' title='bbox 673 2498 769 2560; x_wconf 87' lang='lat' dir='ltr'><strong>Fabio</strong></span> <span class='ocrx_word' id='word_1_214' title='bbox 790 2502 912 2561; x_wconf 84' lang='lat' dir='ltr'><strong>tratrem</strong></span> <span class='ocrx_word' id='word_1_215' title='bbox 934 2499 1075 2559; x_wconf 88' lang='lat' dir='ltr'><strong>traheret.</strong></span> <span class='ocrx_word' id='word_1_216' title='bbox 1109 2506 1232 2559; x_wconf 89' lang='lat' dir='ltr'><strong>creatus</strong></span> 
     </span>
     <span class='ocr_line' id='line_1_28' title="bbox 242 2580 1231 2659; baseline -0.002 -18"><span class='ocrx_word' id='word_1_217' title='bbox 242 2584 273 2641; x_wconf 83' lang='lat' dir='ltr'><strong>P.</strong></span> <span class='ocrx_word' id='word_1_218' title='bbox 301 2584 444 2643; x_wconf 85' lang='lat' dir='ltr'><strong>claudius</strong></span> <span class='ocrx_word' id='word_1_219' title='bbox 468 2580 598 2642; x_wconf 89' lang='lat' dir='ltr'><strong>Pulcher</strong></span> <span class='ocrx_word' id='word_1_220' title='bbox 623 2590 746 2656; x_wconf 86' lang='lat' dir='ltr'><strong>praeter</strong></span> <span class='ocrx_word' id='word_1_221' title='bbox 770 2599 858 2659; x_wconf 88' lang='lat' dir='ltr'><strong>spem</strong></span> <span class='ocrx_word' id='word_1_222' title='bbox 883 2599 970 2644; x_wconf 91' lang='lat' dir='ltr'><strong>suam</strong></span> <span class='ocrx_word' id='word_1_223' title='bbox 995 2588 1025 2642; x_wconf 91' lang='lat' dir='ltr'><strong>et</strong></span> <span class='ocrx_word' id='word_1_224' title='bbox 1050 2590 1231 2644; x_wconf 88' lang='lat' dir='ltr'><strong>ceterorum.</strong></span> 
     </span>
     <span class='ocr_line' id='line_1_29' title="bbox 241 2664 1232 2742; baseline 0.003 -17"><span class='ocrx_word' id='word_1_225' title='bbox 241 2668 342 2726; x_wconf 91' lang='lat' dir='ltr'><strong>locum</strong></span> <span class='ocrx_word' id='word_1_226' title='bbox 356 2681 447 2725; x_wconf 91' lang='lat' dir='ltr'><strong>suum</strong></span> <span class='ocrx_word' id='word_1_227' title='bbox 464 2665 602 2726; x_wconf 87' lang='lat' dir='ltr'><strong>tenuitL.</strong></span> <span class='ocrx_word' id='word_1_228' title='bbox 613 2664 740 2727; x_wconf 90' lang='lat' dir='ltr'><strong>Porcius</strong></span> <span class='ocrx_word' id='word_1_229' title='bbox 750 2666 885 2742; x_wconf 90' lang='lat' dir='ltr'><strong>Licinus,</strong></span> <span class='ocrx_word' id='word_1_230' title='bbox 902 2665 973 2742; x_wconf 87' lang='lat' dir='ltr'><strong>quia</strong></span> <span class='ocrx_word' id='word_1_231' title='bbox 987 2665 1154 2726; x_wconf 88' lang='lat' dir='ltr'><strong>moderatis</strong></span> <span class='ocrx_word' id='word_1_232' title='bbox 1167 2674 1232 2728; x_wconf 88' lang='lat' dir='ltr'><strong>stu·</strong></span> 
     </span>
     <span class='ocr_line' id='line_1_30' title="bbox 242 2745 1231 2825; baseline 0.002 -18"><span class='ocrx_word' id='word_1_233' title='bbox 242 2748 315 2822; x_wconf 88' lang='lat' dir='ltr'><strong>diis,</strong></span> <span class='ocrx_word' id='word_1_234' title='bbox 337 2764 398 2808; x_wconf 91' lang='lat' dir='ltr'><strong>non</strong></span> <span class='ocrx_word' id='word_1_235' title='bbox 416 2745 447 2807; x_wconf 91' lang='lat' dir='ltr'><strong>vi</strong></span> <span class='ocrx_word' id='word_1_236' title='bbox 463 2747 628 2809; x_wconf 80' lang='lat' dir='ltr'><strong>Claudiana</strong></span> <span class='ocrx_word' id='word_1_237' title='bbox 650 2748 728 2810; x_wconf 90' lang='lat' dir='ltr'><strong>inter</strong></span> <span class='ocrx_word' id='word_1_238' title='bbox 747 2748 888 2825; x_wconf 89' lang='lat' dir='ltr'><strong>plebeios</strong></span> <span class='ocrx_word' id='word_1_239' title='bbox 904 2755 1051 2810; x_wconf 87' lang='lat' dir='ltr'><strong>certatum</strong></span> <span class='ocrx_word' id='word_1_240' title='bbox 1064 2756 1121 2810; x_wconf 89' lang='lat' dir='ltr'><strong>est.</strong></span> <span class='ocrx_word' id='word_1_241' title='bbox 1142 2765 1231 2823; x_wconf 89' lang='lat' dir='ltr'><strong>prae-</strong></span> 
     </span>
     <span class='ocr_line' id='line_1_31' title="bbox 242 2831 1230 2894; baseline -0.003 -2"><span class='ocrx_word' id='word_1_242' title='bbox 242 2839 342 2894; x_wconf 89' lang='lat' dir='ltr'><strong>torum</strong></span> <span class='ocrx_word' id='word_1_243' title='bbox 362 2831 435 2891; x_wconf 89' lang='lat' dir='ltr'><strong>inde</strong></span> <span class='ocrx_word' id='word_1_244' title='bbox 456 2832 578 2893; x_wconf 89' lang='lat' dir='ltr'><strong>comitia</strong></span> <span class='ocrx_word' id='word_1_245' title='bbox 598 2838 672 2893; x_wconf 90' lang='lat' dir='ltr'><strong>sunt</strong></span> <span class='ocrx_word' id='word_1_246' title='bbox 689 2831 808 2893; x_wconf 83' lang='lat' dir='ltr'><strong>habita:</strong></span> <span class='ocrx_word' id='word_1_247' title='bbox 837 2833 869 2893; x_wconf 87' lang='lat' dir='ltr'><strong>c.</strong></span> <span class='ocrx_word' id='word_1_248' title='bbox 889 2832 1045 2894; x_wconf 86' lang='lat' dir='ltr'><strong>Decimius</strong></span> <span class='ocrx_word' id='word_1_249' title='bbox 1064 2831 1178 2893; x_wconf 85' lang='lat' dir='ltr'><strong>Flavus</strong></span> <span class='ocrx_word' id='word_1_250' title='bbox 1197 2832 1230 2890; x_wconf 89' lang='lat' dir='ltr'><strong>P.</strong></span> 
     </span>
     <span class='ocr_line' id='line_1_32' title="bbox 241 2914 1230 2992; baseline -0.003 -15"><span class='ocrx_word' id='word_1_251' title='bbox 241 2914 1230 2992; x_wconf 68' lang='lat' dir='ltr'><strong>Semproniustongushermeriuseemegusultaeviusotauro</strong></span> 
     </span>
     <span class='ocr_line' id='line_1_33' title="bbox 241 2997 1230 3076; baseline -0.003 -16"><span class='ocrx_word' id='word_1_252' title='bbox 241 2999 272 3060; x_wconf 85' lang='lat' dir='ltr'><strong>c.</strong></span> <span class='ocrx_word' id='word_1_253' title='bbox 286 2998 487 3075; x_wconf 89' lang='lat' dir='ltr'><strong>Sempronius</strong></span> <span class='ocrx_word' id='word_1_254' title='bbox 498 2999 628 3060; x_wconf 88' lang='lat' dir='ltr'><strong>Blaesus</strong></span> <span class='ocrx_word' id='word_1_255' title='bbox 639 3001 678 3059; x_wconf 86' lang='grc' dir='ltr'><strong>Α.</strong></span> <span class='ocrx_word' id='word_1_256' title='bbox 690 2999 848 3060; x_wconf 87' lang='lat' dir='ltr'><strong>Terentius</strong></span> <span class='ocrx_word' id='word_1_257' title='bbox 861 3002 961 3062; x_wconf 86' lang='lat' dir='ltr'><strong>Varro</strong></span> <span class='ocrx_word' id='word_1_258' title='bbox 972 3006 1132 3076; x_wconf 88' lang='lat' dir='ltr'><strong>praetores</strong></span> <span class='ocrx_word' id='word_1_259' title='bbox 1147 2997 1230 3059; x_wconf 82' lang='lat' dir='ltr'><strong>iacti</strong></span> 
     </span>
     <span class='ocr_line' id='line_1_34' title="bbox 239 3082 1230 3159; baseline -0.001 -17"><span class='ocrx_word' id='word_1_260' title='bbox 239 3082 317 3143; x_wconf 89' lang='lat' dir='ltr'><strong>haee</strong></span> <span class='ocrx_word' id='word_1_261' title='bbox 331 3098 370 3144; x_wconf 86' lang='lat' dir='ltr'><strong>eo</strong></span> <span class='ocrx_word' id='word_1_262' title='bbox 386 3099 477 3157; x_wconf 91' lang='lat' dir='ltr'><strong>anno,</strong></span> <span class='ocrx_word' id='word_1_263' title='bbox 493 3100 555 3159; x_wconf 90' lang='lat' dir='ltr'><strong>quo</strong></span> <span class='ocrx_word' id='word_1_264' title='bbox 569 3084 630 3158; x_wconf 85' lang='lat' dir='ltr'><strong>Ap.</strong></span> <span class='ocrx_word' id='word_1_265' title='bbox 647 3082 792 3145; x_wconf 84' lang='lat' dir='ltr'><strong>claudius</strong></span> <span class='ocrx_word' id='word_1_266' title='bbox 806 3084 848 3143; x_wconf 86' lang='grc' dir='ltr'><strong>Μ.</strong></span> <span class='ocrx_word' id='word_1_267' title='bbox 864 3083 1067 3159; x_wconf 88' lang='lat' dir='ltr'><strong>Sempronius</strong></span> <span class='ocrx_word' id='word_1_268' title='bbox 1083 3084 1230 3143; x_wconf 83' lang='lat' dir='ltr'><strong>consules</strong></span> 
     </span>
     <span class='ocr_line' id='line_1_35' title="bbox 239 3167 781 3243; baseline 0.009 -17"><span class='ocrx_word' id='word_1_269' title='bbox 239 3168 370 3241; x_wconf 80' lang='lat' dir='ltr'><strong>fuerunt,</strong></span> <span class='ocrx_word' id='word_1_270' title='bbox 386 3167 469 3227; x_wconf 90' lang='lat' dir='ltr'><strong>domi</strong></span> <span class='ocrx_word' id='word_1_271' title='bbox 483 3167 671 3243; x_wconf 83' lang='lat' dir='ltr'><strong>militiaeque</strong></span> <span class='ocrx_word' id='word_1_272' title='bbox 685 3174 781 3242; x_wconf 85' lang='lat' dir='ltr'><strong>gesta.</strong></span> 
     </span>
    </p>

    <p class='ocr_par' dir='ltr' id='par_1_5' title="bbox 238 3248 1228 3581">
     <span class='ocr_line' id='line_1_36' title="bbox 323 3248 1228 3326; baseline -0.007 -14"><span class='ocrx_word' id='word_1_273' title='bbox 323 3249 456 3312; x_wconf 85' lang='lat' dir='ltr'>XXXIII.</span> <span class='ocrx_word' id='word_1_274' title='bbox 477 3248 630 3325; x_wconf 81' lang='lat' dir='ltr'><strong>Principio</strong></span> <span class='ocrx_word' id='word_1_275' title='bbox 655 3250 848 3326; x_wconf 90' lang='lat' dir='ltr'><strong>insequentis</strong></span> <span class='ocrx_word' id='word_1_276' title='bbox 872 3249 944 3310; x_wconf 88' lang='lat' dir='ltr'><strong>anni</strong></span> <span class='ocrx_word' id='word_1_277' title='bbox 968 3249 1000 3309; x_wconf 92' lang='grc' dir='ltr'><strong>Ρ.</strong></span> <span class='ocrx_word' id='word_1_278' title='bbox 1027 3249 1173 3310; x_wconf 85' lang='lat' dir='ltr'><strong>claudius</strong></span> <span class='ocrx_word' id='word_1_279' title='bbox 1194 3250 1228 3309; x_wconf 92' lang='lat' dir='ltr'><strong>L.</strong></span> 
     </span>
     <span class='ocr_line' id='line_1_37' title="bbox 238 3331 1228 3407; baseline -0.004 -11"><span class='ocrx_word' id='word_1_280' title='bbox 238 3332 366 3397; x_wconf 85' lang='lat' dir='ltr'><strong>Porcius</strong></span> <span class='ocrx_word' id='word_1_281' title='bbox 389 3335 548 3406; x_wconf 90' lang='lat' dir='ltr'><strong>consules,</strong></span> <span class='ocrx_word' id='word_1_282' title='bbox 571 3349 639 3394; x_wconf 91' lang='lat' dir='ltr'><strong>cum</strong></span> <span class='ocrx_word' id='word_1_283' title='bbox 662 3334 696 3407; x_wconf 82' lang='lat' dir='ltr'><strong>Q.</strong></span> <span class='ocrx_word' id='word_1_284' title='bbox 712 3333 862 3395; x_wconf 82' lang='lat' dir='ltr'><strong>Caecilius</strong></span> <span class='ocrx_word' id='word_1_285' title='bbox 876 3333 917 3392; x_wconf 85' lang='lat' dir='ltr'><strong>hi.</strong></span> <span class='ocrx_word' id='word_1_286' title='bbox 932 3333 1068 3395; x_wconf 89' lang='lat' dir='ltr'><strong>Baebius</strong></span> <span class='ocrx_word' id='word_1_287' title='bbox 1082 3333 1125 3393; x_wconf 86' lang='lat' dir='ltr'><strong>Ti.</strong></span> <span class='ocrx_word' id='word_1_288' title='bbox 1142 3331 1228 3393; x_wconf 89' lang='lat' dir='ltr'><strong>Sem-</strong></span> 
     </span>
     <span class='ocr_line' id='line_1_38' title="bbox 239 3416 1228 3496; baseline -0.003 -17"><span class='ocrx_word' id='word_1_289' title='bbox 239 3421 384 3496; x_wconf 90' lang='lat' dir='ltr'><strong>pronius,</strong></span> <span class='ocrx_word' id='word_1_290' title='bbox 406 3419 458 3495; x_wconf 84' lang='lat' dir='ltr'><strong>qui</strong></span> <span class='ocrx_word' id='word_1_291' title='bbox 479 3418 518 3479; x_wconf 87' lang='lat' dir='ltr'><strong>ad</strong></span> <span class='ocrx_word' id='word_1_292' title='bbox 540 3416 775 3493; x_wconf 87' lang='lat' dir='ltr'><strong>disceptandum</strong></span> <span class='ocrx_word' id='word_1_293' title='bbox 793 3418 871 3478; x_wconf 87' lang='lat' dir='ltr'><strong>inter</strong></span> <span class='ocrx_word' id='word_1_294' title='bbox 882 3416 1058 3493; x_wconf 90' lang='lat' dir='ltr'><strong>Philippum</strong></span> <span class='ocrx_word' id='word_1_295' title='bbox 1073 3424 1103 3478; x_wconf 89' lang='lat' dir='ltr'><strong>et</strong></span> <span class='ocrx_word' id='word_1_296' title='bbox 1118 3416 1228 3476; x_wconf 82' lang='lat' dir='ltr'><strong>Eume-</strong></span> 
     </span>
     <span class='ocr_line' id='line_1_39' title="bbox 239 3500 1228 3581; baseline -0.006 -16"><span class='ocrx_word' id='word_1_297' title='bbox 239 3520 309 3565; x_wconf 86' lang='lat' dir='ltr'><strong>nem</strong></span> <span class='ocrx_word' id='word_1_298' title='bbox 329 3519 419 3581; x_wconf 79' lang='lat' dir='ltr'><strong>reges</strong></span> <span class='ocrx_word' id='word_1_299' title='bbox 432 3502 712 3577; x_wconf 87' lang='lat' dir='ltr'><strong>Thessalorumque</strong></span> <span class='ocrx_word' id='word_1_300' title='bbox 726 3502 865 3562; x_wconf 84' lang='lat' dir='ltr'><strong>civitates</strong></span> <span class='ocrx_word' id='word_1_301' title='bbox 879 3501 966 3561; x_wconf 87' lang='lat' dir='ltr'><strong>missi</strong></span> <span class='ocrx_word' id='word_1_302' title='bbox 980 3508 1082 3572; x_wconf 89' lang='lat' dir='ltr'><strong>erant,</strong></span> <span class='ocrx_word' id='word_1_303' title='bbox 1104 3500 1228 3575; x_wconf 79' lang='lat' dir='ltr'><strong>legatio-</strong></span> 
     </span>
    </p>
   </div>
   <div class='ocr_carea' id='block_1_4' title="bbox 0 0 1326 4017">
    <p class='ocr_par' dir='ltr' id='par_1_6' title="bbox 0 0 1326 4017">
     <span class='ocr_line' id='line_1_40' title="bbox 0 0 1326 4017; baseline 0 3"><span class='ocrx_word' id='word_1_304' title='bbox 0 0 1326 4017; x_wconf 95' lang='lat' dir='ltr'><strong> </strong></span> 
     </span>
    </p>
   </div>
  </div>
 </body>
</html>
