2642 4017
297 277 413 338 Licuit
426 278 515 337 xiv.
540 279 623 339 οΑΡ.
637 287 682 341 ao.
696 288 740 341 aa.
764 285 800 353 [a.
817 286 849 339 c.
866 286 928 354 rot]
962 323 966 331 -
1040 280 1099 345 287

120 429 308 504 invenisset,
329 429 468 490 exercitu
483 429 514 489 in
529 445 627 491 naves
641 430 787 506 imposito
801 433 832 493 in
846 433 961 494 Italiam
977 435 1102 496 traiecit

121 519 239 593 etpost
257 527 377 589 paucos
392 510 460 573 dies
474 511 603 575 Anicitus
618 521 771 577 conventu
790 516 978 592 reliquorum
992 517 1101 594 Epiro·

119 608 218 663 terum
239 598 500 673 Acarnanumque
525 605 611 673 acto,
635 599 793 677 iussisque
817 599 847 660 in
873 600 988 661 ltaliam
1013 602 1103 675 sequi

120 681 329 760 principibus,
354 696 485 755 quorum
506 682 712 756 cognitionem
732 698 847 745 causae
858 693 1046 759 reservarat,
1073 692 1102 746 el

119 769 190 843 ipsc
210 765 342 826 navibus
363 765 566 839 exspectatis,
588 766 701 841 quibus
722 782 800 828 usus
813 767 1034 829 Macedonicus
1049 784 1101 828 ex·

120 850 234 911 arcitus
248 855 323 922 erat,
337 847 369 907 in
383 847 500 908 ltaliam
514 848 640 909 traiecit

205 933 280 993 cum
299 931 377 992 haec
396 931 427 991 in
440 930 623 993 Macedonia
635 931 794 1009 Epiroque
807 942 897 1009 gesta
910 940 995 1008 sunt,
1012 932 1102 1011 iegati
1139 993 1142 996 .

121 1017 173 1093 qui
189 1031 259 1077 cum
269 1015 372 1076 Attalo
387 1016 427 1075 ad
442 1016 611 1078 finiendum
624 1017 738 1077 bellum
752 1017 830 1078 inter
841 1017 946 1080 Gallos
958 1025 988 1079 et
998 1033 1102 1095 regem

121 1102 288 1161 Eumenem
301 1098 388 1159 missi
404 1106 499 1170 erant,
514 1099 546 1161 in
559 1100 667 1161 Asiam
681 1108 896 1176 pervenerunt.
911 1101 1035 1163 indutiis
1041 1116 1103 1178 per

121 1182 252 1244 hiemem
272 1181 360 1243 iactis
382 1188 414 1243 et
434 1183 510 1244 Galli
532 1185 642 1246 domos
662 1185 802 1246 abierant
815 1193 846 1246 ct
858 1200 916 1245 rex
928 1185 960 1245 in
974 1184 1103 1246 hiberna

122 1272 321 1328 concesserat
333 1266 522 1343 Pergamum,
537 1268 688 1343 gravique
697 1269 806 1331 morbo
821 1283 914 1343 aeger
925 1269 1033 1329 ruerat
1047 1284 1102 1329 ver

121 1351 253 1428 primum
273 1364 313 1410 ex
332 1351 424 1411 domo
440 1351 567 1426 excivit,
588 1350 712 1427 iamque
726 1352 876 1429 Synnada
891 1358 1101 1427 pervenerant,

122 1450 191 1496 cum
206 1432 359 1495 Eumenes
374 1434 416 1494 ad
429 1433 546 1494 Sardes
561 1432 700 1508 undique
712 1433 882 1496 exercitum
895 1441 1101 1495 contraxerat

121 1518 162 1578 ibi
176 1517 305 1579 Romani
324 1534 394 1579 cum
406 1516 443 1586 .**
457 1525 489 1578 et
507 1517 711 1579 Solovettium
726 1518 834 1579 ducem
851 1517 1006 1577 Gallorum
1021 1516 1102 1596 Syn-

121 1598 212 1663 nadIs
231 1600 367 1663 adlocuti
387 1606 473 1674 sunt,
499 1607 530 1661 et
547 1600 670 1662 Attalus
691 1600 827 1662 cumeis
848 1602 1022 1675 prolectus3
1045 1602 1103 1662 sed

122 1691 223 1747 castra
243 1685 399 1745 Gallorum
425 1683 538 1744 intrare
558 1700 628 1746 eum
648 1700 711 1745 non
737 1684 867 1760 placuit,
892 1699 932 1744 ne
952 1684 1042 1745 animi
1063 1699 1103 1745 ex

121 1768 346 1843 disceptatione
365 1767 562 1829 irritarentur.
583 1767 615 1827 P.
630 1767 766 1829 Licinius
788 1783 856 1829 cum
879 1770 985 1843 regulo
1002 1768 1102 1829 Gallo-

120 1870 188 1914 rum
203 1859 251 1915 est
264 1853 401 1924 locutus,
422 1851 598 1927 rettuditque
612 1851 795 1913 ferociorem
815 1867 884 1912 eum
904 1852 1101 1928 deprecando

121 1938 251 2006 iactum;
263 1942 303 1997 ut
317 1936 427 1996 mirum
436 1934 535 1994 videri
544 1941 655 2012 posset
664 1934 743 1996 inter
753 1942 814 1997 tam
826 1937 991 2011 opulentos
1001 1950 1102 2011 reges,

120 2019 308 2082 Antiochum
321 2019 605 2095 Ptolemaeumque,
628 2026 745 2080 tantum
764 2021 933 2095 legatorum
948 2020 1101 2081 Romano·

120 2120 188 2165 rum
209 2103 305 2164 verba
324 2101 473 2176 valuisse,
497 2108 532 2164 ut
551 2105 706 2179 extempio
721 2117 828 2179 pacem
845 2103 994 2176 lacerent,
1020 2102 1104 2177 apud

123 2186 227 2247 Gallos
241 2186 355 2247 nullius
369 2187 512 2249 momenti
527 2187 635 2247 inisse.

205 2268 326 2331 XXXV.
348 2272 477 2331 Romam
505 2269 636 2346 primum
655 2285 748 2345 reges
769 2270 896 2347 captivi,
920 2268 1054 2329 Perseus
1073 2275 1104 2330 et

123 2354 259 2429 Gentius,
274 2354 305 2414 in
320 2352 492 2416 custodiam
507 2370 574 2414 cum
589 2353 695 2415 liberis
710 2354 842 2428 abducti,
857 2353 928 2414 dein
943 2352 1031 2412 turba
1044 2349 1104 2412 alia

123 2438 329 2515 captivorum,
353 2446 417 2500 tum
438 2439 550 2515 quibus
573 2438 778 2500 Macedonum
799 2436 1007 2499 denuntiatum
1028 2442 1101 2510 erat,

98 2597 104 2606 ἱ
122 2530 155 2584 ut
168 2523 298 2585 Romam
311 2522 459 2598 renuent,
473 2521 710 2600 principumque
726 2521 889 2584 Graeciae:
904 2536 975 2581 nam
989 2518 1010 2580 ii
1025 2535 1102 2596 quo-

122 2621 184 2681 qne
198 2622 260 2668 non
280 2608 380 2670 solum
394 2615 576 2683 praesentes
598 2607 690 2668 exciti
705 2613 806 2680 erant,
828 2606 887 2667 sed
901 2604 993 2666 etiam
1007 2601 1035 2663 si
1050 2602 1103 2677 qui

123 2689 208 2763 apud
221 2704 313 2764 reges
326 2706 399 2750 asse
412 2691 600 2765 dicebantur,
616 2691 723 2752 litteris
737 2689 877 2752 arcessiti
888 2694 969 2749 sunt
990 2686 1102 2747 Paulus

123 2771 193 2846 ipse
214 2779 287 2846 post
306 2771 374 2832 dics
395 2788 512 2848 paucos
531 2774 617 2849 regia
637 2789 718 2834 nave
731 2773 863 2849 ingentis
875 2770 1102 2847 magnitudinis,

125 2868 218 2929 quam
237 2853 395 2914 sexdecim
415 2869 526 2916 versus
544 2871 700 2916 remorum
714 2857 861 2930 agebant,
880 2860 989 2915 ornata
1001 2854 1098 2915 Mace

125 2933 246 2998 donicis
260 2935 380 3013 spoliis,
399 2953 461 2999 non
475 2938 637 3013 insignium
653 2946 768 2999 tantum
778 2953 931 2999 armorum
945 2939 1003 2999 sed
1014 2937 1104 2998 etiam

123 3020 279 3097 regiorum
298 3021 463 3095 textilium,
483 3021 617 3082 adverso
631 3022 733 3082 Tiberi
753 3022 794 3082 ad
807 3022 914 3082 urbem
928 3027 979 3083 est
992 3021 1097 3081 subve

124 3112 208 3181 ctus,
233 3105 394 3181 completis
414 3103 490 3180 ripis
511 3105 634 3166 obviam
648 3103 749 3166 effusa
762 3105 962 3167 multitudine.
986 3120 1103 3181 paucos

123 3194 199 3268 post
217 3190 286 3252 dies
306 3189 434 3251 Anicius
455 3196 486 3249 et
500 3189 646 3251 Octavius
667 3191 768 3250 classe
783 3206 841 3252 sua
854 3188 985 3251 advecti.
1007 3187 1104 3251 tribus

123 3273 162 3336 iis
173 3274 317 3336 omnibus
330 3273 473 3337 decretus
484 3281 533 3337 est
542 3273 582 3334 ab
594 3280 703 3334 senatu
713 3274 899 3351 triumphus;
916 3274 1104 3334 mandatum-

126 3375 187 3436 que
207 3358 241 3432 Q.
264 3358 371 3420 cassio
392 3358 542 3435 praetori,
568 3373 638 3418 cum
656 3358 785 3422 tribunis
807 3357 906 3436 plebis
921 3361 1039 3431 agaret,
1065 3367 1106 3413 ex

126 3443 304 3505 auctoritate
324 3450 446 3519 patrum
465 3443 656 3518 rogationem
674 3442 717 3503 ad
736 3442 858 3518 plebem
877 3443 991 3501 terrent
1012 3444 1045 3498 ut
1057 3434 1105 3510 iis,

120 3539 190 3600 quo
201 3523 251 3586 die
262 3524 368 3588 urbem
378 3526 600 3602 triumphantes
607 3526 832 3601 inveherentur,
844 3522 1004 3601 imperium
1010 3525 1105 3594 esset
