2642 4017
146 326 149 331 ·
222 273 226 278 ²
282 304 399 372 LIBER
411 305 511 368 xtsst.
532 306 615 397 cAP.
630 315 714 371 ato.
736 313 892 382 [acuto]
1013 311 1074 375 197

93 453 258 515 mittendas
274 454 314 514 ad
326 454 357 515 G.
368 453 492 539 Furium
507 456 639 530 legatum
649 457 757 533 Issam,
773 458 826 534 qui
838 475 907 520 oum
918 461 1074 535 praesidio

92 538 224 599 duarum
245 536 413 598 Issensium
435 540 558 600 navium
575 541 695 600 insulae
715 550 865 616 praeerat,
881 543 913 580 **
928 544 1076 608 miserunt

91 615 135 666 ὲ
156 622 217 682 duo
237 622 319 681 milia
338 620 465 683 militum
491 624 522 683 in
537 638 590 684 eas
612 639 708 684 naves
730 631 802 686 sunt
815 626 972 713 imposita,
994 646 1075 703 quae

91 706 131 765 ll.
146 702 280 770 Raecius
296 713 420 782 praetor
441 722 480 767 ex
495 716 620 769 senatus
643 710 785 770 consulto
806 711 837 769 in
859 725 896 770 ea
915 720 1003 787 parte
1016 712 1072 774 lta-

36 804 38 807 ’
88 789 159 864 liae,
182 805 263 863 quae
276 790 397 852 obiecta
420 789 543 869 Illyrico
559 798 622 867 est,
644 794 896 869 conscripsit—2
919 803 950 855 et
964 799 1076 857 consul

76 873 239 937 ‘Hostilius
250 875 311 948 np.
326 874 484 935 claudium
499 876 529 935 in
540 875 695 955 Illyricum
711 892 781 938 cum
796 885 940 952 quattuor
950 879 1083 942 milibus>

91 957 227 1033 peditum
241 957 332 1032 misit,
346 964 380 1018 ut
393 960 516 1022 accolas
531 959 645 1037 lllyrici
659 966 837 1021 tutarentur.
854 963 907 1037 qui
921 979 983 1024 non
999 979 1070 1025 con·

91 1047 193 1101 tentus
208 1040 256 1115 iis,
272 1057 351 1116 quas
366 1042 537 1103 adduxerat
551 1042 659 1119 copiis,
675 1045 789 1105 auxilia
802 1044 841 1106 ab
856 1044 951 1107 sociis
967 1062 1069 1109 corro-

89 1125 193 1199 gando
208 1126 249 1185 ad
263 1131 333 1186 octo
349 1126 430 1185 nrilia
443 1125 600 1186 hominum
613 1126 700 1188 vario
715 1143 829 1203 genere
844 1130 984 1208 armavit,
1001 1147 1070 1207 per-

89 1216 258 1283 agrataque
274 1208 354 1268 omni
370 1225 408 1270 ea
421 1210 547 1285 regione
562 1211 602 1271 ad
615 1211 809 1290 Lychnidum
823 1214 1071 1277 Dassaretiorum

90 1292 250 1353 consedit
267 1293 303 1352 X.
325 1291 408 1354 haud
428 1296 538 1369 procul
558 1294 630 1355 inde
650 1296 776 1357 Uscana
795 1297 944 1371 oppidum
965 1297 1077 1365 linium,

89 1378 271 1451 plerumque
291 1376 396 1437 Persei
417 1387 490 1439 eret.
519 1379 625 1438 decem
645 1379 728 1438 milia
743 1379 854 1445 civium
869 1379 1016 1453 habebat,
1041 1390 1071 1441 et

88 1459 243 1521 modicum
268 1461 427 1529 custodiae
448 1477 544 1522 causa
563 1461 751 1522 Cretensium
771 1463 970 1537 praesidium.
999 1463 1071 1523 inde

87 1542 185 1603 nuntii
205 1544 245 1604 ad
262 1543 418 1605 caudina
433 1545 544 1608 occulti
559 1544 737 1617 veniebant,
765 1547 792 1607 si
812 1545 941 1620 propius
962 1546 1069 1622 copias

88 1626 288 1701 admovisset,
303 1635 429 1704 paratos
445 1629 511 1689 lore
526 1629 578 1703 qui
592 1629 761 1702 proderent
772 1629 888 1689 urbem.
911 1636 941 1690 et
955 1645 1070 1705 operae

88 1712 220 1788 pretium
234 1727 321 1772 esse:
344 1728 405 1773 non
420 1728 456 1773 se
471 1711 650 1787 amicosque
665 1717 795 1786 tantum,
815 1713 872 1775 sed
889 1714 977 1775 etiarn
992 1715 1068 1775 mili·

86 1803 134 1856 tes
149 1796 266 1869 praeda
280 1798 483 1871 expleturum.
506 1811 581 1871 spes
597 1794 754 1871 cupiditati
768 1796 892 1858 admota
905 1798 946 1858 ita
961 1813 1066 1859 occae-

86 1879 168 1939 cavit
181 1879 329 1955 animum,
348 1888 390 1958 ‘ut
409 1894 467 1940 neo
482 1879 573 1939 exiis
589 1877 642 1955 qui
658 1886 808 1939 venerunt
823 1896 1007 1956 quemquam
1021 1896 1067 1940 re·

88 1963 206 2035 tineret,
220 1979 277 2023 nec
289 1963 425 2038 obsides,
437 1962 549 2038 pignus
561 1964 681 2024 tuturos
693 1963 778 2023 aiore
785 1964 923 2024 lraudem
930 1964 1069 2039 agendae

86 2046 141 2120 rei,
158 2053 316 2122 posceret,
333 2063 391 2108 nec
405 2046 537 2108 mitteret
550 2048 752 2122 exploratum,
768 2062 826 2107 nec
839 2046 932 2106 fldem
948 2047 1068 2122 accipe·
1177 2114 1183 2123 ,

59 2162 61 2165 -
85 2135 143 2190 ret.
165 2129 215 2190 die
234 2137 348 2193 tantum
369 2137 482 2193 statuta
501 2132 659 2206 proiectus
681 2130 884 2208 aLychnido,
906 2129 1069 2192 duodecim

85 2211 170 2273 milia
189 2211 228 2274 ab
247 2211 343 2288 urbe,
357 2216 398 2275 ad
419 2231 510 2291 quam
531 2215 685 2286 tendebat,
708 2215 812 2288 posuit
826 2221 936 2275 castra
960 2220 1069 2289 quarta

85 2294 159 2358 inde
172 2297 276 2374 vigilia
290 2301 378 2375 signa
393 2299 488 2360 movit
501 2299 583 2359 mllle
594 2300 690 2358 terme
701 2297 741 2358 ad
751 2297 939 2372 praesidium
952 2303 1067 2358 castro·

84 2386 153 2441 ru'm
167 2382 291 2443 relictis.
313 2382 519 2459 incompositi,
534 2383 626 2457 longo
643 2381 764 2456 agmine
775 2381 876 2455 effusi,
891 2381 1066 2456 infrequen-

64 2471 148 2539 -tes,
170 2481 238 2528 cum
254 2474 422 2528 nocturnus
437 2483 523 2528 error
537 2465 716 2542 dissiparet,
737 2466 777 2525 ad
797 2466 904 2526 urbem
918 2478 1067 2539 pervene-

83 2556 164 2609 runt.
192 2550 288 2611 crevit
302 2551 504 2626 neglegentia,
524 2558 690 2626 postquam
705 2549 856 2609 neminem
872 2553 1022 2608 armatum
1036 2546 1067 2606 in
1111 2573 1115 2580 ·

82 2633 180 2693 muris
194 2633 345 2693 viderunt.
367 2640 500 2694 ceterum
514 2633 567 2693 ubi
579 2634 709 2708 primum
724 2634 782 2694 sub
797 2631 921 2701 ictuteli
933 2633 1064 2703 luerunt,

84 2715 207 2775 duabus
223 2715 313 2796 simul
327 2715 425 2789 portis
440 2716 615 2789 erumpitur,
631 2723 661 2776 et
676 2715 716 2773 ad
730 2718 893 2777 clamorem
905 2730 1053 2791 erumpan

84 2799 162 2857 tium
182 2797 292 2869 ingens
313 2794 458 2869 strepitus
473 2813 491 2857 e
505 2798 599 2857 muris
615 2805 701 2866 ortus
714 2799 893 2860 ululantium
906 2799 1066 2859 mulierum

86 2895 159 2940 curn
180 2877 298 2953 crepitu
313 2876 449 2952 undique
464 2877 559 2952 aeris,
585 2887 615 2946 et
628 2879 784 2939 incondita
805 2880 963 2941 multitudo
978 2881 1079 2955 turba

82 2962 223 3024 immixta
238 2959 342 3022 servili
357 2959 450 3020 variis
464 2958 595 3022 vocibus
609 2961 806 3037 personabat.
827 2960 878 3021 hic
892 2969 953 3021 tam
966 2965 1064 3026 multi·

84 3049 159 3123 plex
174 3046 311 3120 undique
326 3045 465 3106 obiectus
480 3054 579 3107 terror
593 3043 702 3116 effecit,
718 3058 758 3103 ne
771 3045 923 3105 sustinere
937 3045 1063 3122 primam

83 3131 253 3208 procellam
274 3127 443 3206 eruptionis
465 3129 596 3192 Romani
618 3134 757 3203 possent.
785 3127 888 3203 itaque
914 3130 1065 3205 rugientes

84 3215 190 3290 plures
213 3231 304 3290 quam
325 3220 498 3290 pugnantes
519 3211 797 3287 interemptisuntr
826 3213 878 3272 vix
899 3213 960 3277 duc
983 3214 1065 3276 milia

83 3297 244 3359 hominum
256 3315 325 3359 cum
339 3299 408 3375 ipsa
423 3296 524 3372 legato
539 3297 568 3356 in
585 3303 686 3357 castra
701 3298 907 3372 perlugemnt.
924 3315 985 3373 quo
997 3300 1064 3357 lon·

83 3382 154 3456 gius
180 3382 236 3443 iter
261 3381 291 3442 in
318 3389 418 3459 castra
444 3390 524 3456 erat,
551 3395 589 3441 eo
609 3381 840 3456 plnres·lessos
865 3379 1062 3442 consectandi

0 3457 2 3462 ’
82 3465 225 3525 hostibus
242 3466 331 3540 copia
346 3465 410 3526 tuit.
427 3481 465 3525 ne
477 3471 611 3526 moratus
629 3465 752 3538 quidem
766 3464 797 3524 in
809 3464 918 3524 castris
931 3462 1061 3535 Appius,

34 3578 37 3584 r
84 3553 118 3609 ut
139 3564 214 3609 suos
237 3550 403 3623 dissipatos
425 3549 497 3623 luga
517 3542 688 3623 colligeret,
710 3561 854 3623 quaeres
876 3541 984 3619 palatis
1008 3556 1063 3616 per
