2642 4017
209 254 492 321 titularem.
515 255 598 316 cAP.
610 263 653 317 la.
666 262 708 316 rs.
721 263 764 316 14.
788 259 867 328 [aa.
876 263 967 318 cers.
978 277 1003 313 a.
1012 263 1045 314 c.
1054 262 1116 327 177]

206 408 368 471 flumenin
390 421 517 482 campos
538 406 696 480 progressi
717 412 818 466 castra
839 404 993 466 habebant
1008 405 1125 467 hostes.
1148 406 1189 466 ibi

206 509 275 554 cum
298 491 346 551 his
367 491 433 550 acie
457 489 641 550 dimicatum.
678 489 851 564 quindecim
877 491 959 550 milia
984 505 1092 564 caesa,
1119 492 1189 566 plus

208 573 392 652 septingenti
413 580 465 634 aut
485 573 514 633 in
536 572 654 648 proelio
675 581 727 633 aut
746 574 777 632 in
792 572 902 633 castris
915 590 1043 633 -nam
1059 589 1096 633 ea
1113 590 1187 648 quo·

206 675 267 736 que
287 665 463 734 expugnata
483 665 555 717 sunt
569 656 714 731 -capti,
735 663 766 716 et
780 654 869 730 signa
889 656 1028 717 militaria
1049 673 1144 718 unum
1160 664 1190 719 et

207 741 427 820 quinquaginta
440 749 538 817 capta.
560 740 703 815 Ligures,
722 740 870 816 reliquiae
885 740 1005 814 caedis,
1020 741 1052 800 in
1068 749 1189 802 montes

204 828 382 901 refugerunt
401 825 536 900 passim;
559 823 781 900 populantique
803 830 992 900 campestres
1007 839 1100 899 agros
1116 840 1189 885 con·

204 911 263 971 suli
289 911 372 970 nulla
390 923 523 984 usquam
543 914 753 983 apparuerunt
771 922 865 968 arma.
897 906 1044 969 Claudius
1060 909 1188 969 duarum

204 992 338 1068 gentium
351 1008 412 1053 uno
427 1006 509 1051 anno
523 991 626 1065 victor,
641 990 772 1065 duabus,
789 991 873 1067 quod
887 1007 957 1051 raro
969 992 1057 1067 alius,
1073 991 1102 1051 in
1116 1007 1188 1053 con·

204 1077 303 1136 sulatu
318 1075 436 1150 pacatis
450 1075 618 1151 provinciis
631 1074 760 1135 Romam
773 1074 907 1135 revertit.

287 1158 365 1218 Xlll.
386 1157 530 1233 Prodigia
544 1173 582 1218 eo
597 1173 679 1219 anno
692 1158 835 1230 nuntiata,
851 1158 882 1218 iu
895 1158 1087 1220 Crustumino
1099 1174 1188 1221 avem

204 1243 391 1318 sangumem,
405 1258 495 1316 quam
506 1249 626 1312 vocant,
635 1257 758 1303 sacrum
769 1242 903 1317 lapidem
914 1249 1015 1303 rostro
1026 1242 1187 1318 cecidisse,

205 1326 315 1388 bovem
336 1327 365 1385 in
382 1325 548 1401 campania
570 1327 717 1399 locutam,
738 1341 865 1386 vaccam
880 1341 1006 1387 aeneam
1022 1325 1187 1405 Syracusis

203 1409 241 1471 ab
257 1410 370 1486 agresti
385 1417 486 1479 tauro,
504 1409 557 1484 qui
570 1424 685 1485 pecore
699 1408 881 1485 aberrasset
899 1410 1003 1471 initam
1017 1424 1054 1470 ac
1068 1411 1187 1472 semiue

203 1494 392 1570 adspersam.
422 1493 453 1553 in
469 1492 661 1554 Crustumino
683 1493 763 1553 diem
784 1510 877 1555 unum
897 1494 1013 1569 inipso
1029 1495 1098 1555 loco
1113 1509 1187 1570 sup·

202 1578 325 1653 plicatio
342 1577 410 1652 luit,
426 1585 456 1638 et
469 1577 499 1636 in
515 1577 680 1651 campania
693 1576 752 1638 bos
767 1577 879 1637 alenda
892 1577 1016 1652 publice
1031 1578 1111 1649 data,
1128 1577 1188 1655 Sy·

201 1677 448 1736 racusanumque
464 1660 637 1736 prodigium
652 1662 806 1734 expiatum
817 1661 907 1722 editis
920 1660 959 1721 ab
969 1660 1188 1737 haruspicibus

203 1745 271 1820 diis,
289 1743 400 1820 quibus
416 1745 650 1820 supplicaretur.

283 1828 424 1890 Pontifex
438 1844 476 1888 eo
492 1844 572 1890 anno
588 1836 727 1890 mortuus
742 1836 790 1890 est
802 1829 842 1889 Μ.
856 1829 1001 1890 Claudius
1012 1828 1186 1901 Marcellus,

203 1914 256 1989 qui
277 1914 386 1975 consul
406 1927 580 1988 censorque
594 1913 701 1974 luerat.
730 1914 760 1972 in
776 1914 843 1973 eius
858 1915 959 1973 locum
974 1912 1125 1973 suffectus
1140 1919 1187 1973 est

201 1998 340 2073 pontifex
355 1997 435 2058 iilius
448 1997 514 2058 eius
525 1997 566 2056 Μ.
576 1995 749 2058 Marcellus.
771 1996 926 2058 etLunam
942 1997 1065 2058 colonia
1075 1996 1186 2057 codem

200 2098 282 2143 anno
304 2082 366 2144 duo
384 2081 466 2143 milia
480 2081 591 2141 civium
604 2081 811 2141 Romanorum
826 2088 897 2142 sunt
911 2081 1052 2142 deducta
1081 2081 1187 2142 trium·

201 2167 257 2226 viri
278 2166 472 2228 deduxerunt
491 2163 523 2224 P.
539 2164 646 2225 Aelius
666 2164 707 2224 Μ.
722 2165 870 2227 Aemilius
889 2164 1025 2241 Lepidus
1041 2164 1092 2225 Cn.
1110 2162 1186 2224 Sici·

201 2250 286 2319 nius;
309 2251 526 2327 quinquagena
546 2257 575 2309 et
597 2250 718 2324 singula
737 2249 844 2324 iugera
858 2256 889 2309 et
907 2248 1056 2309 semisses
1071 2246 1136 2323 agri
1150 2247 1183 2306 in

201 2334 341 2409 singulos
357 2335 419 2396 dati
434 2339 515 2396 sunt.
532 2330 728 2407 dacigenis
738 2338 844 2405 captus
860 2343 934 2403 ager
946 2335 1023 2399 erat;
1039 2331 1185 2392 Euusoo·

199 2433 267 2478 rurn
280 2424 352 2478 ante
368 2434 458 2492 quam
471 2417 616 2491 Ligurum
632 2418 739 2477 luerat.

285 2500 316 2561 G.
333 2500 476 2561 claudius
498 2501 607 2559 consul
623 2499 664 2559 ad
678 2498 785 2560 urbem
799 2500 899 2570 venit;
921 2499 984 2573 oui,
1006 2515 1074 2559 curn
1090 2499 1121 2558 io
1136 2513 1184 2558 se-

200 2589 273 2643 natu
287 2582 326 2642 de
339 2581 433 2643 rebus
447 2583 477 2641 in
488 2581 602 2641 Histria
612 2581 839 2658 Liguribusque
851 2598 1003 2659 prospere
1014 2582 1110 2656 gestis
1122 2581 1180 2642 dis«

200 2666 357 2738 seruisset,
373 2665 540 2740 postulanti
554 2665 727 2741 triumphus
742 2672 790 2726 est
804 2666 956 2727 decretus.
989 2663 1184 2741 triumphavit

199 2750 231 2809 in
246 2747 422 2823 magistratu
438 2750 477 2810 de
491 2746 613 2811 duabus
627 2749 718 2811 simul
732 2749 884 2825 gentibus.
906 2749 1014 2810 tulitin
1029 2765 1068 2809 eo
1079 2749 1183 2811 trium-

199 2832 263 2908 pho
278 2833 435 2894 denarium
450 2839 587 2895 trecenae
601 2841 720 2909 septem
734 2833 832 2909 milia,
847 2842 878 2895 et
890 2833 1084 2895 victoriatum
1099 2838 1183 2893 octo

198 2914 282 2991 ginta
303 2917 440 2994 quinque
461 2918 543 2979 milia
562 2920 773 2994 septingentos
791 2919 881 2981 duos.
914 2918 1059 2978 militibus
1074 2917 1105 2977 in
1121 2917 1183 2976 sin·

198 2999 289 3074 gulos
311 3001 395 3076 quini
412 3003 483 3062 deni
499 3002 616 3063 denarii
631 3003 709 3074 dati3
734 3004 849 3080 duplex
866 3002 1051 3076 centurioni,
1071 3001 1184 3077 triplex

198 3083 302 3157 equiti.
325 3086 420 3146 sociis
436 3086 562 3148 dimidio
577 3088 677 3147 minus
693 3103 785 3162 quam
801 3087 919 3148 civibus
936 3087 1050 3147 datum.
1078 3086 1183 3160 itaque

198 3167 289 3240 taciti,
305 3175 340 3229 ut
353 3169 447 3230 iratos
464 3186 536 3232 esse
550 3170 689 3245 sentires,
705 3171 802 3231 secuti
817 3178 887 3232 sunt
901 3187 1031 3232 currum.

281 3251 361 3312 xlv.
385 3253 459 3314 Cum
480 3254 507 3315 is
529 3253 700 3330 triumphus
721 3254 761 3314 de
773 3254 935 3329 Liguribus
951 3255 1112 3329 agebatur,
1133 3254 1180 3312 Lr-

197 3351 291 3410 gures
312 3342 478 3413 postquam
498 3345 662 3399 senserunt
676 3354 737 3400 uon
753 3340 946 3399 consularem
961 3346 1078 3399 tantum
1092 3352 1180 3397 exer-

197 3420 287 3481 citum
298 3422 426 3484 Romam
438 3419 610 3498 abductum,
625 3423 683 3484 sed
695 3422 846 3499 legionem
859 3422 897 3483 ab
908 3422 951 3482 li.
964 3420 1090 3483 claudio
1101 3420 1181 3480 Pisis

197 3502 371 3589 dimissam,
390 3506 480 3568 soluti
494 3515 592 3581 metu,
614 3507 692 3568 clam
707 3505 846 3569 exercitu
858 3506 989 3581 indicto,
1010 3521 1068 3583 par
1080 3513 1178 3566 trans·
