2642 4017
249 229 291 295 78
427 231 544 292 LIBER
556 231 617 290 xa.
642 231 838 294 carasca.
861 232 1056 308 [auam]
1121 314 1124 320 4

248 385 374 455 lectnm3
397 392 428 445 et
440 386 484 446 uti
497 386 621 461 praetor
635 385 772 446 urbanus
788 384 966 445 consulibus
982 383 1130 446 scriberet
1144 401 1233 447 sena·

248 479 311 532 tum
331 485 465 545 aequum
485 483 614 529 censere
634 468 799 529 subitarios
819 468 945 542 milites,
970 469 1117 530 tumultus
1139 485 1233 531 causa

247 554 451 629 conscriptae,
466 554 565 628 primo
580 568 706 629 quoque
720 559 859 628 tempore
875 552 989 613 dimitti.

330 637 436 698 XXIX.
461 637 587 698 Colonia
613 635 779 698 Graviscae
804 651 842 697 eo
868 652 949 696 anno
975 637 1108 698 deducta
1134 638 1231 698 estin

247 738 354 799 agrum
371 721 551 792 Etruscum,
575 721 614 780 de
627 719 900 795 Tarqmniensibus
921 720 1078 796 quondam
1099 728 1231 796 captum.

248 808 343 884 quina
361 804 470 880 iugera
488 804 554 879 agri
574 805 661 874 datm
682 804 830 864 triumviri
848 804 1044 865 deduxerunt
1059 804 1089 864 C.
1106 805 1231 879 Calpur·
1314 856 1315 865 ,

246 891 316 952 nius
330 889 402 951 Piso
417 888 450 949 P.
466 888 610 949 claudius
624 886 755 948 Pulcher
769 888 800 948 c.
811 889 971 959 Terentius
985 889 1072 949 Istra.
1094 888 1231 950 siccitate

247 983 278 1037 et
297 974 403 1049 inopia
421 974 542 1048 frugum
563 972 693 1049 insignis
715 988 815 1033 annus
835 972 900 1034 luit
933 988 990 1033 sex
1005 987 1129 1033 menses
1143 989 1229 1033 num·

248 1075 340 1136 quam
356 1056 494 1133 pluvisse
509 1058 675 1116 memoriae
688 1055 854 1132 proditum.

330 1141 448 1202 Eodem
468 1157 548 1201 anno
569 1140 600 1200 in
615 1156 690 1215 agro
704 1140 739 1200 L.
752 1138 859 1201 Petillii
874 1139 994 1200 scribae
1009 1139 1067 1200 sub
1082 1140 1229 1216 Ianiculo,

246 1226 320 1286 dum
334 1225 467 1286 cultores
483 1225 548 1299 agri
562 1225 652 1285 acus
667 1224 971 1298 mahummariam,
993 1224 1073 1284 duae
1086 1223 1228 1298 lapideae

245 1324 345 1384 arcae,
361 1314 490 1369 octonos
502 1309 597 1368 lerme
608 1309 706 1382 pedes
720 1309 832 1383 longae
845 1313 1010 1382 quaternos
1021 1308 1111 1384 latae,
1123 1307 1227 1368 inven-

245 1400 295 1454 tae
309 1400 389 1466 sunt,
405 1392 560 1467 opereulis
570 1392 696 1467 plumbo
709 1390 869 1453 devinctis.
891 1390 997 1453 litteris
1008 1391 1123 1452 Labnis
1136 1392 1227 1452 Grae-

246 1477 354 1554 cisque
367 1482 498 1551 utraque
512 1492 585 1535 area
598 1475 747 1551 inscripta
760 1482 834 1552 erat,
849 1476 880 1536 in
894 1476 989 1536 altera
1002 1476 1129 1537 Numam
1140 1474 1227 1536 Pom·

245 1561 351 1638 pilium
369 1558 537 1635 Pomponis
561 1559 672 1632 filium,
698 1575 803 1636 regem
826 1561 1049 1635 Romanorum,
1074 1560 1227 1635 sepultum

245 1660 332 1719 esse,
354 1643 386 1703 in
406 1646 502 1704 altera
521 1644 617 1706 libros
631 1646 749 1705 Numae
761 1642 900 1719 Pompilii
920 1644 1033 1704 inesse.
1066 1658 1121 1704 eas
1139 1658 1227 1704 arcas

246 1742 315 1788 cum
335 1741 376 1787 ex
396 1726 563 1788 amicorum
588 1726 740 1790 sententia
765 1727 907 1789 dominus
932 1726 1119 1802 aperuisset,
1147 1742 1227 1803 quae

245 1811 361 1872 titulum
382 1811 494 1886 sepulti
516 1810 599 1887 regis
620 1811 782 1883 habueram
805 1810 905 1872 inanis
921 1812 1059 1885 inventa,
1082 1811 1149 1870 sine
1162 1814 1226 1873 ullo

243 1894 373 1970 vestigio
389 1894 529 1970 corporis
542 1896 666 1957 humani
680 1901 733 1957 aut
746 1896 837 1957 ullius
851 1894 911 1967 rei,
930 1910 987 1969 per
999 1895 1102 1956 tabern
1114 1901 1160 1955 tat
1173 1912 1227 1956 an·

243 1994 351 2040 norum
369 1980 510 2040 amnibus
524 1979 706 2056 absumptis.
738 1979 770 2039 in
783 1980 879 2042 altera
893 1979 955 2038 duo
971 1979 1073 2039 fasces
1089 1978 1227 2040 candelis

242 2062 369 2124 involuti
388 2070 535 2138 septenos
549 2063 686 2124 habuere
699 2063 810 2140 librae,
831 2080 893 2125 non
907 2062 1045 2138 integros
1060 2064 1153 2124 modo
1168 2063 1226 2124 sed

242 2147 454 2208 recentissima
465 2147 580 2222 specie.
596 2147 820 2223 septemLatini
831 2149 870 2207 de
881 2148 947 2208 iure
958 2147 1116 2222 pontificio
1129 2153 1226 2221 erant,

243 2238 361 2306 septem
377 2230 486 2292 Graeci
500 2231 540 2291 de
554 2230 716 2307 disciplina
729 2231 907 2309 sapientiae,
926 2247 1006 2308 quae
1021 2231 1102 2292 illins
1116 2229 1226 2292 aetatis

243 2330 314 2377 esse
334 2317 441 2392 potuit
474 2315 568 2376 adicit
587 2316 695 2377 Antias
709 2317 853 2377 Valerius
873 2315 1096 2394 Pythagoricos
1117 2315 1224 2388 inisse,

243 2401 384 2474 vulgatae
409 2401 561 2475 opinioni,
592 2416 653 2474 qua
677 2399 1029 2478 creditur-Pythagorae
1053 2397 1225 2460 auditorem

242 2484 482 2556 luisseNumam‚
494 2482 653 2543 mendacio
666 2482 816 2557 probabili
828 2484 1059 2546 accommodata
1071 2483 1143 2544 fide.
1162 2482 1226 2559 pri·

241 2582 291 2625 mo
304 2566 343 2626 ab
356 2565 477 2638 amicis,
497 2565 550 2640 qui
562 2565 593 2625 in
605 2581 639 2625 re
651 2566 806 2641 praesenti
819 2567 954 2642 luerunt,
975 2568 1044 2628 libri
1050 2566 1137 2637 lecti3
1152 2582 1227 2628 mox

240 2649 382 2724 pluribus
396 2649 568 2722 legentibus
584 2665 652 2709 cum
665 2650 878 2726 vulgarentur,
901 2651 935 2725 Q.
949 2649 1085 2712 Petillius
1099 2658 1228 2726 praetor

133 2778 135 2781 v
240 2730 377 2792 urbanus
392 2732 552 2794 studiosus
566 2734 688 2808 legendi
700 2749 756 2794 eos
767 2734 863 2794 libros
875 2750 894 2793 a
904 2734 936 2793 L.
948 2734 1064 2796 Petillio
1076 2736 1225 2810 sumpsit=

240 2820 272 2874 et
285 2821 351 2874 erat
365 2814 521 2876 familiaris
535 2834 622 2891 usus,
638 2819 723 2894 quod
737 2817 870 2878 scribam
884 2833 955 2878 eum
967 2823 1113 2894 quaestor
1124 2819 1157 2893 Q.
1168 2818 1226 2878 Pe-

239 2896 372 2958 tilliusin
383 2899 539 2960 decuriam
549 2903 673 2976 legerat.
694 2901 782 2962 lectis
793 2917 895 2963 rerum
906 2901 1033 2964 summis
1048 2919 1117 2964 aum
1128 2902 1226 2962 amm-

239 2983 424 3045 advertisset
444 2983 593 3060 pleraque
607 2986 877 3047 dissolvendarum
890 2986 1072 3061 religionum
1085 3001 1173 3060 esse,
1188 2985 1225 3047 L.

238 3064 354 3126 Petillia
376 3065 453 3127 dixit
473 3083 544 3128 sese
565 3068 661 3130 libros
677 3085 732 3130 eos
747 3069 778 3130 in
793 3069 894 3144 ignem
909 3071 1118 3132 coniecturum
1133 3085 1225 3141 esse;

238 3148 418 3224 prinsquam
432 3151 464 3210 id
478 3152 601 3226 iaceret,
616 3169 651 3213 se
666 3154 695 3214 ci
710 3153 885 3229 permittere
900 3154 952 3230 uti,
967 3154 995 3215 si
1011 3155 1095 3230 quod
1105 3169 1163 3215 seu
1173 3152 1225 3215 ius

239 3246 296 3293 seu
316 3234 462 3294 auxilium
482 3251 517 3295 se
538 3235 653 3296 habere
674 3237 715 3298 ad
729 3253 785 3298 eos
800 3237 897 3298 libros
911 3239 1100 3313 repetendos
1115 3237 1225 3298 existi·

238 3323 349 3392 maret,
369 3317 575 3392 experiretar=
602 3321 634 3381 id
654 3321 774 3397 integra
794 3339 852 3383 sua
865 3323 962 3398 gratia
976 3338 1046 3382 eum
1061 3324 1226 3383 laetarum.

238 3400 341 3462 scriba
354 3401 493 3463 tribunos
508 3403 605 3479 plebis
620 3404 692 3481 adit,
708 3406 747 3466 ab
761 3406 892 3468 tribunis
903 3407 945 3469 ad
960 3414 1099 3468 senatum
1108 3422 1161 3466 res
1175 3411 1227 3468 est

238 3484 361 3548 reiecta.
382 3492 506 3561 praetor
521 3503 556 3547 se
570 3489 781 3550 iusiurandum
795 3492 870 3552 dare
884 3497 1024 3567 paratum
1038 3506 1110 3552 esse
1121 3488 1226 3550 aiebat
