2642 4017
219 281 260 346 12
356 279 471 341 LIBER
484 279 615 340 XXXIX.
638 279 720 339 CAP.
736 286 778 339 13.
791 287 833 339 lt.
857 284 894 350 [a.
907 283 942 335 U·
955 300 978 335 c.
991 286 1054 350 566]

214 435 286 509 dici,
302 449 381 510 quos
396 431 554 493 machinae
567 430 699 505 illigatos
714 445 754 489 ex
768 437 938 504 conspectu
949 428 980 487 ln
991 428 1113 490 abditos
1124 447 1193 506 spe

215 534 272 580 cus
286 516 453 592 abripiantr
475 531 530 576 eos
543 529 617 576 esse
633 512 686 589 qui
700 520 754 573 aut
765 512 926 573 coniurare
937 518 988 571 aut
999 511 1111 573 sociari
1123 513 1196 575 laci·

215 602 342 663 notibus
363 607 415 661 aut
428 606 565 675 stuprum
580 597 643 672 pati
656 595 817 657 noluerint
853 594 1075 656 multitudinem
1090 597 1196 671 ingen-

214 694 291 759 tem,
318 686 445 745 maenam
464 682 524 742 iarn
546 695 645 756 prope
665 680 814 755 populum
833 693 923 747 esse;
954 676 985 738 in
1006 678 1054 738 his
1076 678 1196 741 nobiles

215 768 369 845 quosdam
387 767 472 826 viros
492 763 691 838 feminasque.
726 759 849 823 biennio
870 760 1010 837 proximo
1028 762 1196 824 institutum

215 867 302 925 esse,
324 866 364 911 ne
385 848 455 923 quis
475 846 573 907 maior
585 844 693 921 viginti
707 844 795 906 annis
810 845 990 906 initiaretarr
1013 845 1128 921 captari
1145 862 1196 907 ae·

214 941 293 996 tates
314 940 345 993 et
360 930 476 993 erroris
491 938 522 991 et
533 929 633 1005 stupri
648 927 808 1005 patientes
839 928 920 989 XIV.
943 937 1068 1004 peracto
1080 929 1195 991 indicio

214 1017 360 1078 advoluta
377 1030 486 1076 narsus
501 1014 633 1090 genibus
649 1027 759 1088 preces
773 1013 915 1087 easdem,
935 1020 969 1073 ut
982 1028 1018 1072 se
1032 1013 1196 1088 ablegaret,

216 1097 368 1175 repetivit.
388 1099 497 1159 consul
510 1103 599 1172 rogat
608 1112 742 1171 socrum,
757 1102 791 1158 ut
800 1097 935 1171 aliquam
946 1102 1062 1171 partem
1073 1096 1196 1157 aedium

215 1198 342 1243 vacuam
354 1182 476 1256 iaceret,
493 1197 554 1257 quo
560 1179 690 1256 Hispala
700 1178 893 1254 immigraret.
909 1180 1089 1240 cenaculum
1100 1196 1196 1255 super

165 1309 169 1316 .
214 1266 310 1326 aedes
325 1265 428 1326 datum
441 1272 505 1338 est,
526 1262 620 1329 scalis
635 1263 802 1325 terentibus
817 1263 847 1324 in
863 1263 1019 1338 publicum
1034 1262 1193 1339 obseratis,

214 1349 299 1410 editu
312 1349 342 1408 in
358 1348 453 1409 aedes
467 1363 570 1409 verso.
589 1363 641 1407 res
654 1362 761 1408 omnes
771 1347 921 1408 Feceniae
932 1347 1086 1422 extemplo
1097 1353 1194 1407 trans-

215 1434 295 1493 latae
309 1437 340 1493 et
355 1430 469 1491 iamilia
482 1429 639 1505 arcessita,
654 1437 685 1491 et
693 1429 844 1491 Aebutius
858 1428 990 1505 migrare
1003 1430 1044 1491 ad
1058 1429 1194 1492 consulis

215 1516 355 1577 clientem
370 1513 485 1576 iussus.

298 1598 344 1658 lta
363 1614 432 1659 cum
452 1597 571 1658 indices
590 1598 682 1658 ambo
701 1597 733 1657 in
755 1602 906 1672 potestate
926 1606 1046 1672 essent,
1071 1614 1136 1659 rem
1156 1599 1193 1659 ad

217 1688 356 1743 senatum
366 1679 542 1743 Postumius
557 1681 664 1755 defert,
679 1681 820 1742 omnibus
835 1680 942 1742 ordine
953 1682 1104 1756 expositis
1116 1697 1195 1756 quae

217 1764 320 1825 delata
335 1764 447 1840 primo,
464 1780 545 1840 quae
561 1763 673 1825 deinde
686 1764 725 1825 ab
740 1780 776 1825 se
792 1764 937 1840 inquisitu
951 1766 1059 1825 lorent.
1091 1773 1195 1841 patres

215 1864 314 1925 pavor
331 1850 441 1924 iugens
462 1849 556 1925 cepit,
583 1864 652 1909 cum
674 1848 797 1925 publico
817 1845 956 1920 nomine,
984 1863 1023 1907 ne
1045 1847 1120 1924 quid
1139 1863 1196 1909 ese

213 1931 441 1994 coniurationes
456 1940 626 2008 coetusque
641 1929 783 1993 nocturni
799 1931 915 1992 irasmis
927 1932 1067 1993 occultae
1078 1940 1129 1993 aut
1139 1948 1194 2008 pe·

213 2014 301 2077 riculi
321 2018 534 2092 importarent,
556 2021 620 2076 tum
640 2015 781 2090 privatim
796 2031 923 2076 suorum
937 2015 1071 2092 quisque
1086 2016 1196 2091 vicem,

214 2115 253 2158 ne
275 2099 344 2174 quis
370 2099 484 2159 adfinis
506 2099 535 2160 ei
555 2113 658 2158 noxae
679 2106 772 2158 esset
807 2100 928 2159 censuit
945 2106 1048 2161 antem
1068 2108 1195 2160 senatus

214 2180 327 2257 gratias
348 2179 469 2242 consuli
486 2180 639 2255 modas,
661 2181 746 2256 quod
757 2196 828 2241 eam
841 2197 906 2242 rem
920 2190 1035 2244 etcum
1050 2182 1194 2257 singulari

214 2271 325 2324 curaet
333 2261 403 2324 sine
414 2264 476 2324 ullo
487 2265 617 2325 tumultu
626 2261 853 2339 investigasset
866 2266 1076 2341 quaestionem
1082 2266 1195 2326 deinde

214 2348 254 2407 dc
263 2346 507 2408 Bacchanalibus
522 2347 685 2423 sacrisque
698 2347 856 2409 nocturnis
870 2355 958 2409 extra
971 2349 1109 2410 ordinem
1122 2366 1194 2411 con-

214 2430 333 2492 sulibus
347 2431 508 2501 mandant3
523 2430 676 2491 indicibus
687 2430 820 2492 Aebutio
836 2447 872 2493 ac
881 2431 1033 2494 Feceniae
1044 2448 1084 2492 ne
1095 2433 1194 2493 iraudi

213 2529 251 2574 ea
262 2530 315 2575 res
331 2515 371 2575 sit
384 2530 502 2586 cauare,
518 2521 550 2576 et
559 2513 637 2575 alios
648 2513 768 2577 indices
780 2514 924 2592 praemiis
935 2516 1063 2577 invitare
1074 2516 1195 2585 iubent3

215 2598 395 2658 sacerdotes
409 2612 516 2659 eorum
530 2613 706 2672 sacrorum,
721 2614 778 2660 seu
792 2598 849 2659 viri
863 2614 920 2660 seu
935 2600 1066 2660 lammae
1080 2607 1195 2674 essent,

213 2694 273 2739 non
301 2681 417 2741 Romae
442 2682 534 2743 modo
560 2682 618 2742 sed
643 2698 699 2758 per
720 2682 823 2743 omnia
849 2684 916 2744 lora
942 2689 974 2744 et
992 2682 1195 2744 conciliabula

213 2764 363 2838 conquiri,
374 2771 408 2825 ut
421 2765 452 2825 in
465 2767 628 2827 consulum
641 2772 795 2843 potestate
806 2773 927 2837 essent3
941 2766 1023 2827 edici
1035 2771 1195 2842 praeterea

212 2844 243 2906 in
258 2847 335 2907 urbe
350 2849 463 2923 Roma,
483 2856 516 2910 et
528 2865 585 2925 per
598 2856 693 2911 totam
706 2850 822 2910 ltaliam
836 2848 937 2911 edicta
951 2849 1041 2921 mitti,
1061 2865 1101 2910 ue
1115 2849 1194 2924 quis,

215 2928 268 3004 qui
282 2930 414 2992 Bacchis
434 2930 569 2994 initiatus
591 2941 690 3006 esset,
712 2933 815 2994 coisse
834 2940 887 2994 aut
900 2932 1085 2994 convenisse
1100 2947 1194 2992 causa

212 3028 372 3075 sacrorum
391 3015 478 3091 velit,
499 3017 655 3092 neuquid
675 3017 744 3076 talis
765 3016 811 3077 rei
831 3017 952 3078 divinae
974 3016 1102 3086 lecisse;
1124 3022 1194 3075 ante

212 3098 314 3159 omnia
334 3107 367 3160 ut
387 3101 526 3175 quaestio
548 3101 588 3160 de
608 3100 645 3161 iis
660 3099 823 3174 habeatur,
845 3102 897 3176 qui
912 3101 1040 3163 coierint
1054 3100 1194 3160 coniura-

212 3180 358 3254 verintve‚
381 3199 442 3259 quo
458 3190 595 3261 stuprum
609 3182 797 3258 flagitiumve
811 3182 981 3246 inferretur.
1013 3184 1091 3244 haec
1104 3197 1193 3244 sena·

212 3275 261 3325 tus
284 3266 430 3327 decrevit.
464 3268 608 3329 consules
629 3266 782 3328 aedilibus
803 3267 976 3328 currulibus
996 3266 1194 3342 imperarunt,

213 3353 245 3408 ut
256 3350 439 3411 sacerdotes
452 3350 520 3411 eins
535 3353 616 3412 sacri
630 3366 738 3413 omnes
753 3349 977 3428 conquirerent,
992 3350 1193 3427 eomprehen-

214 3446 330 3508 sosque
343 3432 440 3494 libero
456 3433 596 3495 conclavi
611 3436 651 3495 ad
662 3434 875 3511 quaestionem
887 3442 1061 3504 servarent;
1077 3432 1194 3495 aediles

212 3513 311 3590 plebis
331 3515 452 3590 videre,
474 3533 513 3578 ne
527 3535 589 3594 qua
603 3533 693 3580 sacra
706 3518 737 3578 in
753 3527 860 3595 operto
874 3518 991 3580 tierent
1027 3513 1193 3578 triumviris

1307 871 1309 942 l

1310 1130 1312 1206 l

1312 1375 1314 1448 l

1314 1475 1316 1550 l
