2642 4017
229 295 344 356 ilBlltt
355 295 428 355 ΧΗ.
452 295 534 357 CAP.
547 304 591 357 14.
603 307 645 358 15.
668 297 850 375 [attacta.
862 321 887 359 ι.
896 307 929 359 c.
938 304 999 382 176]
1049 303 1111 367 115

127 463 239 509 versos
264 446 375 507 limites
402 446 555 522 superatis
580 447 736 510 manebus
761 449 791 508 in
815 465 941 526 campos
962 452 1111 528 degressi,

126 547 235 606 agrum
249 529 452 590 Mutinensem
473 531 626 606 populati,
648 532 809 608 repentino
830 533 946 609 impetu
961 536 1112 597 coloniam

126 616 228 692 ipsam
248 620 407 688 ceperunt.
439 613 471 672 id
491 613 543 674 ubi
557 614 686 675 Romam
700 616 834 677 adlatum
848 624 912 691 est,
937 626 1064 680 senatus
1079 620 1110 680 G.

127 698 287 760 claudium
298 698 458 758 consulem
469 697 591 759 comitia
601 699 701 774 primo
714 715 841 776 quoque
849 707 989 778 tempore
998 702 1112 764 habere

125 782 231 857 iussit,
253 779 429 856 creatisque
443 779 475 841 in
491 796 604 842 annun
626 782 854 858 magistratibus
869 786 899 845 in
921 786 1111 862 provinciam

125 865 230 927 redire
250 873 281 925 ct
300 865 451 926 coloniam
471 880 512 925 ex
531 865 674 928 hostibus
695 867 843 944 recipere.
874 869 916 929 ita
937 870 978 930 uti
993 871 1113 933 censuit

127 957 263 1022 senalus,
278 948 400 1010 comitia
411 947 524 1011 habite
547 952 693 1011 consules
704 951 797 1013 creati
809 952 861 1013 Gn.
874 951 1033 1016 cornelim
1046 953 1111 1015 Sci-

128 1033 181 1110 pio
201 1033 359 1108 Hispallus
380 1031 414 1107 Q.
428 1032 564 1094 Petillius
578 1032 740 1110 Spurinus.
773 1043 932 1111 praetores
952 1038 1025 1099 inde
1040 1036 1112 1099 iacti

125 1118 167 1178 Μ.
182 1115 333 1193 Popillius
343 1117 463 1177 Laenas
476 1116 508 1176 P.
524 1117 659 1179 Licinius
674 1118 804 1180 Crassus
815 1119 855 1180 ll.
871 1121 1030 1183 cornelius
1046 1122 1112 1184 Sci-

127 1203 180 1277 pio
200 1201 232 1260 L.
248 1198 388 1276 Papirius
406 1199 495 1262 Maso
513 1200 554 1260 Μ.
568 1200 704 1263 Aburius
724 1204 757 1264 L.
771 1204 925 1280 Aquillius
941 1206 1056 1267 Gallus.
1079 1205 1111 1267 c.

127 1283 255 1346 claudio
277 1283 395 1345 consuli
411 1292 607 1361 prorogarem
622 1286 652 1345 in
670 1302 782 1348 annum
795 1287 954 1364 imperium
969 1295 1000 1350 et
1016 1288 1113 1350 Gellia

126 1367 305 1446 provincia;
333 1375 363 1428 et
383 1383 423 1430 ne
443 1368 537 1430 Histri
561 1369 643 1430 idem
665 1372 750 1447 quod
767 1378 798 1432 et
816 1372 944 1448 Ligures
967 1373 1111 1447 iacerent,

127 1453 233 1514 socios
248 1451 379 1513 nominis
393 1452 492 1514 Latini
506 1451 537 1513 in
551 1454 695 1515 Histriam
709 1455 856 1530 mitteret,
872 1472 952 1531 quos
968 1455 1111 1531 triumphi

98 1579 103 1589 -
128 1552 225 1598 causa
239 1536 278 1595 de
293 1534 455 1611 provincia
469 1537 660 1599 deduxisset.
683 1538 735 1600 Cn.
748 1539 889 1600 Cornelio
904 1546 935 1598 et
948 1537 982 1613 Q.
994 1537 1112 1600 Petillio

95 1687 99 1694 ¹
128 1618 324 1694 consulibus,
346 1620 474 1696 quodie
487 1621 696 1697 magistratum
717 1623 862 1696 inierunt,
883 1621 1109 1684 immolantibus

127 1705 193 1765 lovi
207 1702 336 1779 siugulis
351 1704 460 1779 labus,
475 1704 518 1765 nti
532 1707 620 1780 solet,
634 1705 666 1765 in
683 1720 718 1767 ea
732 1705 841 1781 hostia,
859 1722 921 1781 qna
932 1705 966 1781 Q.
977 1705 1112 1768 Petillius

128 1787 329 1860 sacrificavit,
351 1788 382 1848 in
399 1785 537 1850 iocinere
558 1795 651 1865 caput
670 1805 732 1851 ron
748 1788 912 1852 inventum.
941 1790 1112 1853 ideumaei

130 1879 270 1933 senatum
292 1872 474 1948 rettulisset,
495 1872 577 1933 bove
590 1872 733 1948 perlitare
747 1871 862 1936 iussus
891 1874 930 1934 (ie
946 1875 1111 1950 provinciis

38 1972 42 1980 ·
128 1956 242 2016 deinde
258 1958 419 2017 consultus
431 1964 559 2018 senavas
568 1955 656 2018 Pisas
671 1963 703 2018 et
712 1956 840 2033 Ligures
852 1956 1028 2034 provincias
1041 1974 1113 2019 con·

128 2039 249 2101 sulibus
263 2039 413 2111 decrevit;
437 2042 486 2101 cui
496 2040 585 2101 Pisae
596 2041 756 2118 provincia
767 2041 953 2112 obvenisset,
971 2058 1040 2102 cum
1050 2057 1113 2101 ma·

128 2125 308 2199 gistratuum
329 2125 532 2186 creandorum
552 2131 675 2202 tempus
691 2133 791 2200 esset,
813 2127 852 2187 nd
867 2125 989 2186 comitia
1002 2125 1114 2185 reverti

128 2207 227 2269 iussit
258 2206 396 2268 addinnn
417 2207 556 2283 decreto,
575 2216 608 2270 ut
623 2209 712 2271 binas
732 2210 870 2286 mones
886 2223 984 2270 novas
999 2207 1113 2269 scribe·

130 2298 198 2352 rent
213 2297 244 2351 et
258 2298 401 2352 neeenos
415 2293 550 2369 equinam
573 2301 603 2355 et
616 2294 698 2353 dena
710 2293 792 2354 milia
805 2293 941 2370 peditum
953 2291 1047 2353 sociis
1059 2310 1113 2354 no·

129 2375 265 2449 minique
279 2375 395 2449 Latino,
410 2383 441 2436 et
455 2390 607 2438 sexecnos
621 2378 805 2453 imperarent
818 2376 950 2453 equites.
970 2375 1013 2435 Ti.
1027 2377 1108 2437 clau·

129 2461 180 2521 dio
203 2467 401 2534 prorogatum
415 2467 470 2525 ,est
488 2460 648 2536 imperinm
666 2462 696 2522 in
711 2462 743 2522 id
757 2469 893 2538 tempus,
915 2475 977 2536 quo
993 2458 1024 2520 in
1039 2476 1110 2535 pro·

130 2541 263 2603 vinciam
278 2544 387 2604 consul
402 2545 548 2606 venisset
569 2545 635 2606 liv.
661 2545 734 2606 dum
749 2546 788 2607 de
799 2547 836 2607 iis
850 2545 945 2606 nebus
959 2544 990 2604 in
1005 2551 1113 2605 senatu

130 2626 238 2702 agitur,
247 2626 299 2687 Cn.
307 2627 466 2689 cornelias
478 2635 625 2690 evocatus
637 2645 656 2689 a
667 2630 792 2703 viatore,
805 2646 874 2691 cum
885 2630 998 2704 templo
1010 2643 1114 2704 egres-

130 2727 186 2772 sus
206 2717 305 2785 esset,
328 2713 420 2787 paulo
441 2719 514 2788 post
531 2714 621 2774 rediit
642 2714 771 2775 conluso
797 2715 896 2786 vultu
919 2718 950 2772 ct
971 2712 1116 2788 exposuit

130 2792 269 2870 patribus
285 2795 468 2872 conscriptis
481 2795 572 2858 bovis
584 2798 767 2872 seseenaris
784 2813 874 2874 quem
885 2796 1115 2870 immolavisset,

129 2879 216 2939 iecur
229 2876 413 2941 diffluxisse.
435 2881 467 2940 id
481 2896 517 2942 se
526 2879 697 2943 victimario
708 2881 857 2941 nuntianti
868 2894 977 2955 parum
988 2879 1114 2940 creden-

131 2970 192 3022 tem
212 2961 313 3037 ipsum
334 2979 446 3039 aquam
468 2964 585 3025 effundi
599 2981 640 3026 ex
654 2966 729 3040 olla,
750 2963 805 3026 ubi
817 2969 889 3024 exta
902 2971 1115 3038 coquerentur,

131 3045 279 3121 iussisse,
294 3055 325 3108 et
337 3048 456 3110 vidisse
471 3056 603 3110 ceteram
616 3050 763 3125 integram
777 3056 895 3125 partem
910 3053 1057 3123 extorum,
1072 3047 1115 3106 ie·

132 3145 188 3190 cur
202 3145 293 3190 omne
307 3132 500 3194 inenarrabili
513 3134 584 3194 tabe
599 3135 803 3208 absumptum.
833 3131 943 3193 territis
958 3147 996 3192 eo
1011 3130 1116 3207 prodi·

131 3214 183 3289 gio
199 3214 351 3291 patribus,
374 3223 404 3277 et
419 3219 496 3278 alter
510 3220 619 3279 consul
633 3234 737 3279 curam
752 3217 877 3292 adiecit,
900 3216 952 3293 qui
967 3231 1016 3289 se,
1032 3213 1116 3290 quod

133 3305 225 3373 capnt
243 3298 370 3360 iocineri
391 3301 555 3373 doluisset,
576 3303 674 3363 tribus
690 3301 791 3363 bubus
807 3301 970 3378 perlitasse
982 3297 1114 3372 negavit.

61 3438 63 3441 ,
132 3388 258 3442 senatus
278 3384 445 3447 maioribus
462 3385 570 3447 hostiis
592 3402 695 3462 usque
714 3387 754 3446 ad
768 3385 934 3448 litationem
948 3378 1115 3443 sacrificari

132 3464 231 3526 iussit.
255 3468 363 3529 ceteris
375 3468 434 3530 diis
447 3470 619 3545 perlitatum
630 3473 765 3531 inerunt=
783 3469 878 3531 Saluti
888 3463 1035 3526 Petillium
1047 3476 1115 3536 per·

132 3547 239 3610 litasse
250 3557 370 3629 negant.
391 3552 463 3614 inde
474 3557 619 3617 consules
629 3561 850 3632 praetoresque
861 3545 1037 3668 prpvincias
1049 3559 1114 3606 sor·
