<?xml version="1.0" encoding="UTF-8"?>
<!DOCTYPE html PUBLIC "-//W3C//DTD XHTML 1.0 Transitional//EN"
    "http://www.w3.org/TR/xhtml1/DTD/xhtml1-transitional.dtd">
<html xmlns="http://www.w3.org/1999/xhtml" xml:lang="en" lang="en">
 <head>
  <title>
</title>
<meta http-equiv="Content-Type" content="text/html;charset=utf-8" />
  <meta name='ocr-system' content='tesseract 3.04.00' />
  <meta name='ocr-capabilities' content='ocr_page ocr_carea ocr_par ocr_line ocrx_word'/>
</head>
<body>
  <div class='ocr_page' id='page_1' title='image "./aburbeconditali01mlgoog_0371.png"; bbox 0 0 2642 4017; ppageno 0'>
   <div class='ocr_carea' id='block_1_1' title="bbox 530 300 743 353">
    <p class='ocr_par' dir='ltr' id='par_1_1' title="bbox 530 300 743 353">
     <span class='ocr_line' id='line_1_1' title="bbox 530 300 743 353; baseline 0.009 -2"><span class='ocrx_word' id='word_1_1' title='bbox 530 300 743 353; x_wconf 73' lang='lat' dir='ltr'><strong>FRAGMENTA.</strong></span> 
     </span>
    </p>
   </div>
   <div class='ocr_carea' id='block_1_2' title="bbox 134 451 1115 2161">
    <p class='ocr_par' dir='ltr' id='par_1_2' title="bbox 134 451 1115 2161">
     <span class='ocr_line' id='line_1_2' title="bbox 529 451 728 504; baseline -0.01 -2"><span class='ocrx_word' id='word_1_2' title='bbox 529 451 575 502; x_wconf 75' lang='lat' dir='ltr'>Eoe</span> <span class='ocrx_word' id='word_1_3' title='bbox 592 451 634 502; x_wconf 85' lang='lat' dir='ltr'>lib.</span> <span class='ocrx_word' id='word_1_4' title='bbox 654 451 728 504; x_wconf 81' lang='lat' dir='ltr'><em>CIII.</em></span> 
     </span>
     <span class='ocr_line' id='line_1_3' title="bbox 188 520 957 586; baseline 0.007 -18"><span class='ocrx_word' id='word_1_5' title='bbox 188 526 224 582; x_wconf 75' lang='lat'>27)</span> <span class='ocrx_word' id='word_1_6' title='bbox 241 520 384 571; x_wconf 76' lang='lat' dir='ltr'>Horrendus</span> <span class='ocrx_word' id='word_1_7' title='bbox 403 521 485 586; x_wconf 83' lang='lat' dir='ltr'>magis</span> <span class='ocrx_word' id='word_1_8' title='bbox 500 532 547 586; x_wconf 87' lang='lat' dir='ltr'>est,</span> <span class='ocrx_word' id='word_1_9' title='bbox 564 521 666 586; x_wconf 83' lang='lat' dir='ltr'><strong>perimit</strong></span> <span class='ocrx_word' id='word_1_10' title='bbox 683 521 726 583; x_wconf 90' lang='lat' dir='ltr'>qui</span> <span class='ocrx_word' id='word_1_11' title='bbox 739 533 854 586; x_wconf 86' lang='lat' dir='ltr'>corpora,</span> <span class='ocrx_word' id='word_1_12' title='bbox 874 521 957 573; x_wconf 79' lang='lat' dir='ltr'>carbo.</span> 
     </span>
     <span class='ocr_line' id='line_1_4' title="bbox 239 588 844 654; baseline -0.003 -14"><span class='ocrx_word' id='word_1_13' title='bbox 239 589 293 640; x_wconf 90' lang='lat' dir='ltr'>Urit</span> <span class='ocrx_word' id='word_1_14' title='bbox 310 588 353 640; x_wconf 88' lang='lat' dir='ltr'>hio</span> <span class='ocrx_word' id='word_1_15' title='bbox 372 590 492 652; x_wconf 86' lang='lat' dir='ltr'>inclusus,</span> <span class='ocrx_word' id='word_1_16' title='bbox 513 589 600 640; x_wconf 88' lang='lat' dir='ltr'>vitalia</span> <span class='ocrx_word' id='word_1_17' title='bbox 615 590 711 654; x_wconf 82' lang='lat' dir='ltr'><strong>rumpit</strong></span> <span class='ocrx_word' id='word_1_18' title='bbox 727 597 844 654; x_wconf 86' lang='lat' dir='ltr'>apertus:</span> 
     </span>
     <span class='ocr_line' id='line_1_5' title="bbox 238 656 934 723; baseline 0.001 -16"><span class='ocrx_word' id='word_1_19' title='bbox 238 656 309 707; x_wconf 82' lang='lat' dir='ltr'>Hunc</span> <span class='ocrx_word' id='word_1_20' title='bbox 325 667 422 708; x_wconf 89' lang='lat' dir='ltr'>veteres</span> <span class='ocrx_word' id='word_1_21' title='bbox 440 658 567 722; x_wconf 88' lang='lat' dir='ltr'>quondam</span> <span class='ocrx_word' id='word_1_22' title='bbox 585 658 662 708; x_wconf 85' lang='lat' dir='ltr'>variis</span> <span class='ocrx_word' id='word_1_23' title='bbox 679 658 799 723; x_wconf 83' lang='lat' dir='ltr'>pepulere</span> <span class='ocrx_word' id='word_1_24' title='bbox 818 657 934 709; x_wconf 80' lang='lat' dir='ltr'>medelis.</span> 
     </span>
     <span class='ocr_line' id='line_1_6' title="bbox 240 726 875 790; baseline 0.005 -15"><span class='ocrx_word' id='word_1_25' title='bbox 240 727 324 776; x_wconf 88' lang='lat' dir='ltr'>Tertia</span> <span class='ocrx_word' id='word_1_26' title='bbox 342 742 449 790; x_wconf 85' lang='lat' dir='ltr'>namquo</span> <span class='ocrx_word' id='word_1_27' title='bbox 466 726 518 776; x_wconf 80' lang='lat' dir='ltr'>Titi</span> <span class='ocrx_word' id='word_1_28' title='bbox 534 727 609 776; x_wconf 89' lang='lat' dir='ltr'>simul</span> <span class='ocrx_word' id='word_1_29' title='bbox 627 734 651 776; x_wconf 91' lang='lat' dir='ltr'>et</span> <span class='ocrx_word' id='word_1_30' title='bbox 669 728 805 777; x_wconf 87' lang='lat' dir='ltr'>centesima</span> <span class='ocrx_word' id='word_1_31' title='bbox 819 726 875 778; x_wconf 84' lang='lat' dir='ltr'>Livi</span> 
     </span>
     <span class='ocr_line' id='line_1_7' title="bbox 240 794 880 855; baseline 0 -10"><span class='ocrx_word' id='word_1_32' title='bbox 240 794 331 845; x_wconf 78' lang='lat' dir='ltr'>Charta</span> <span class='ocrx_word' id='word_1_33' title='bbox 349 796 430 855; x_wconf 84' lang='lat' dir='ltr'>docet,</span> <span class='ocrx_word' id='word_1_34' title='bbox 450 796 516 846; x_wconf 86' lang='lat' dir='ltr'>terro</span> <span class='ocrx_word' id='word_1_35' title='bbox 533 795 609 845; x_wconf 84' lang='lat' dir='ltr'>talem</span> <span class='ocrx_word' id='word_1_36' title='bbox 626 795 749 845; x_wconf 86' lang='lat' dir='ltr'>candente</span> <span class='ocrx_word' id='word_1_37' title='bbox 768 796 880 847; x_wconf 84' lang='lat' dir='ltr'>dolorem</span> 
     </span>
     <span class='ocr_line' id='line_1_8' title="bbox 239 864 910 931; baseline 0.001 -18"><span class='ocrx_word' id='word_1_38' title='bbox 239 865 385 924; x_wconf 79' lang='lat' dir='ltr'>Exsectnm,</span> <span class='ocrx_word' id='word_1_39' title='bbox 402 873 446 915; x_wconf 90' lang='lat' dir='ltr'>ant</span> <span class='ocrx_word' id='word_1_40' title='bbox 462 872 524 929; x_wconf 89' lang='lat' dir='ltr'>potu</span> <span class='ocrx_word' id='word_1_41' title='bbox 541 878 661 929; x_wconf 88' lang='lat' dir='ltr'>raporum</span> <span class='ocrx_word' id='word_1_42' title='bbox 680 865 777 915; x_wconf 88' lang='lat' dir='ltr'>semine</span> <span class='ocrx_word' id='word_1_43' title='bbox 793 864 910 931; x_wconf 88' lang='lat' dir='ltr'>pulsum:</span> 
     </span>
     <span class='ocr_line' id='line_1_9' title="bbox 239 932 809 998; baseline 0.002 -16"><span class='ocrx_word' id='word_1_44' title='bbox 239 932 326 982; x_wconf 85' lang='lat' dir='ltr'>iniecti</span> <span class='ocrx_word' id='word_1_45' title='bbox 345 934 431 984; x_wconf 87' lang='lat' dir='ltr'>dicens</span> <span class='ocrx_word' id='word_1_46' title='bbox 448 935 492 985; x_wconf 81' lang='lat' dir='ltr'>vix</span> <span class='ocrx_word' id='word_1_47' title='bbox 510 942 608 998; x_wconf 81' lang='lat' dir='ltr'><strong>septem</strong></span> <span class='ocrx_word' id='word_1_48' title='bbox 624 948 702 997; x_wconf 88' lang='lat' dir='ltr'>posse</span> <span class='ocrx_word' id='word_1_49' title='bbox 720 934 809 984; x_wconf 81' lang='lat' dir='ltr'>diebus</span> 
     </span>
     <span class='ocr_line' id='line_1_10' title="bbox 239 1002 848 1067; baseline 0.005 -16"><span class='ocrx_word' id='word_1_50' title='bbox 239 1003 321 1051; x_wconf 90' lang='lat' dir='ltr'>Vitam</span> <span class='ocrx_word' id='word_1_51' title='bbox 341 1003 459 1067; x_wconf 76' lang='lat' dir='ltr'>produci:</span> <span class='ocrx_word' id='word_1_52' title='bbox 479 1010 549 1052; x_wconf 86' lang='lat' dir='ltr'>tanta</span> <span class='ocrx_word' id='word_1_53' title='bbox 565 1010 605 1051; x_wconf 89' lang='lat' dir='ltr'>est</span> <span class='ocrx_word' id='word_1_54' title='bbox 621 1002 741 1053; x_wconf 84' lang='lat' dir='ltr'>violentia</span> <span class='ocrx_word' id='word_1_55' title='bbox 759 1005 848 1054; x_wconf 86' lang='lat' dir='ltr'><strong>morbi.</strong></span> 
     </span>
     <span class='ocr_line' id='line_1_11' title="bbox 187 1068 956 1138; baseline 0.003 -18"><span class='ocrx_word' id='word_1_56' title='bbox 187 1070 216 1132; x_wconf 84' lang='lat' dir='ltr'>Q.</span> <span class='ocrx_word' id='word_1_57' title='bbox 237 1068 326 1121; x_wconf 85' lang='lat' dir='ltr'>Seren.</span> <span class='ocrx_word' id='word_1_58' title='bbox 343 1071 443 1122; x_wconf 86' lang='lat' dir='ltr'>Samon.</span> <span class='ocrx_word' id='word_1_59' title='bbox 464 1072 496 1121; x_wconf 85' lang='lat' dir='ltr'>de</span> <span class='ocrx_word' id='word_1_60' title='bbox 515 1071 611 1120; x_wconf 86' lang='lat' dir='ltr'>Medic.</span> <span class='ocrx_word' id='word_1_61' title='bbox 628 1086 685 1133; x_wconf 84' lang='lat' dir='ltr'>cap.</span> <span class='ocrx_word' id='word_1_62' title='bbox 703 1068 746 1123; x_wconf 82' lang='lat'>39.</span> <span class='ocrx_word' id='word_1_63' title='bbox 766 1088 801 1123; x_wconf 79' lang='lat' dir='ltr'>va.</span> <span class='ocrx_word' id='word_1_64' title='bbox 820 1070 881 1124; x_wconf 76' lang='lat'>725.</span> <span class='ocrx_word' id='word_1_65' title='bbox 900 1089 956 1138; x_wconf 79' lang='lat' dir='ltr'>sqq.</span> 
     </span>
     <span class='ocr_line' id='line_1_12' title="bbox 507 1134 740 1191; baseline 0.009 -2"><span class='ocrx_word' id='word_1_66' title='bbox 507 1134 587 1189; x_wconf 71' lang='lat' dir='ltr'>*Eoo</span> <span class='ocrx_word' id='word_1_67' title='bbox 604 1139 647 1189; x_wconf 86' lang='lat' dir='ltr'>lib.</span> <span class='ocrx_word' id='word_1_68' title='bbox 668 1140 740 1191; x_wconf 85' lang='lat' dir='ltr'><em>CIV.</em></span> 
     </span>
     <span class='ocr_line' id='line_1_13' title="bbox 185 1207 1114 1275; baseline 0.003 -16"><span class='ocrx_word' id='word_1_69' title='bbox 185 1214 219 1264; x_wconf 67' lang='grc' dir='ltr'>ιι)</span> <span class='ocrx_word' id='word_1_70' title='bbox 240 1210 376 1275; x_wconf 90' lang='lat' dir='ltr'>Pompeius</span> <span class='ocrx_word' id='word_1_71' title='bbox 400 1209 511 1272; x_wconf 91' lang='lat' dir='ltr'>quinqne</span> <span class='ocrx_word' id='word_1_72' title='bbox 533 1209 606 1257; x_wconf 79' lang='lat' dir='ltr'>annis</span> <span class='ocrx_word' id='word_1_73' title='bbox 628 1207 676 1258; x_wconf 80' lang='lat' dir='ltr'>fuit</span> <span class='ocrx_word' id='word_1_74' title='bbox 693 1210 837 1275; x_wconf 78' lang='lat' dir='ltr'>praefectus</span> <span class='ocrx_word' id='word_1_75' title='bbox 856 1224 984 1271; x_wconf 74' lang='lat' dir='ltr'>munnae,</span> <span class='ocrx_word' id='word_1_76' title='bbox 1009 1219 1034 1262; x_wconf 91' lang='lat' dir='ltr'>et</span> <span class='ocrx_word' id='word_1_77' title='bbox 1053 1211 1114 1262; x_wconf 79' lang='lat' dir='ltr'>illud</span> 
     </span>
     <span class='ocr_line' id='line_1_14' title="bbox 134 1277 1114 1344; baseline 0.002 -17"><span class='ocrx_word' id='word_1_78' title='bbox 134 1277 247 1328; x_wconf 77' lang='lat' dir='ltr'>officium</span> <span class='ocrx_word' id='word_1_79' title='bbox 264 1278 397 1342; x_wconf 86' lang='lat' dir='ltr'>usurpavit</span> <span class='ocrx_word' id='word_1_80' title='bbox 412 1279 606 1341; x_wconf 83' lang='lat' dir='ltr'>superveniente</span> <span class='ocrx_word' id='word_1_81' title='bbox 623 1277 691 1327; x_wconf 80' lang='lat' dir='ltr'>ieme</span> <span class='ocrx_word' id='word_1_82' title='bbox 709 1292 756 1328; x_wconf 92' lang='lat' dir='ltr'>nec</span> <span class='ocrx_word' id='word_1_83' title='bbox 774 1287 826 1329; x_wconf 92' lang='lat' dir='ltr'>erat</span> <span class='ocrx_word' id='word_1_84' title='bbox 840 1279 899 1344; x_wconf 87' lang='lat' dir='ltr'>vile,</span> <span class='ocrx_word' id='word_1_85' title='bbox 918 1294 975 1329; x_wconf 89' lang='lat' dir='ltr'>cnm</span> <span class='ocrx_word' id='word_1_86' title='bbox 990 1280 1056 1330; x_wconf 86' lang='lat' dir='ltr'>dicat</span> <span class='ocrx_word' id='word_1_87' title='bbox 1073 1280 1114 1329; x_wconf 85' lang='lat' dir='ltr'>Lt-</span> 
     </span>
     <span class='ocr_line' id='line_1_15' title="bbox 134 1347 1114 1414; baseline 0.005 -20"><span class='ocrx_word' id='word_1_88' title='bbox 134 1347 204 1396; x_wconf 86' lang='lat' dir='ltr'>vins:</span> <span class='ocrx_word' id='word_1_89' title='bbox 228 1347 250 1395; x_wconf 91' lang='lat' dir='ltr'>si</span> <span class='ocrx_word' id='word_1_90' title='bbox 268 1348 325 1408; x_wconf 88' lang='lat' dir='ltr'>quis</span> <span class='ocrx_word' id='word_1_91' title='bbox 342 1347 470 1409; x_wconf 83' lang='lat' dir='ltr'>quondam</span> <span class='ocrx_word' id='word_1_92' title='bbox 488 1359 613 1396; x_wconf 89' lang='lat' dir='ltr'>annonam</span> <span class='ocrx_word' id='word_1_93' title='bbox 632 1347 658 1394; x_wconf 94' lang='lat' dir='ltr'>in</span> <span class='ocrx_word' id='word_1_94' title='bbox 677 1347 738 1395; x_wconf 90' lang='lat' dir='ltr'>urbe</span> <span class='ocrx_word' id='word_1_95' title='bbox 757 1348 911 1407; x_wconf 57' lang='lat' dir='ltr'>inuitasset,</span> <span class='ocrx_word' id='word_1_96' title='bbox 929 1362 1022 1414; x_wconf 76' lang='lat' dir='ltr'>magna</span> <span class='ocrx_word' id='word_1_97' title='bbox 1037 1348 1114 1399; x_wconf 84' lang='lat' dir='ltr'>habe-</span> 
     </span>
     <span class='ocr_line' id='line_1_16' title="bbox 134 1414 1115 1476; baseline 0.002 -13"><span class='ocrx_word' id='word_1_98' title='bbox 134 1414 220 1472; x_wconf 89' lang='lat' dir='ltr'>batur;</span> <span class='ocrx_word' id='word_1_99' title='bbox 247 1429 293 1464; x_wconf 89' lang='lat' dir='ltr'>neo</span> <span class='ocrx_word' id='word_1_100' title='bbox 315 1415 454 1473; x_wconf 82' lang='lat' dir='ltr'>immerito,</span> <span class='ocrx_word' id='word_1_101' title='bbox 482 1416 543 1476; x_wconf 88' lang='lat' dir='ltr'>quia</span> <span class='ocrx_word' id='word_1_102' title='bbox 560 1416 641 1463; x_wconf 87' lang='lat' dir='ltr'>Rome</span> <span class='ocrx_word' id='word_1_103' title='bbox 663 1414 764 1463; x_wconf 87' lang='lat' dir='ltr'>volebat</span> <span class='ocrx_word' id='word_1_104' title='bbox 787 1416 855 1465; x_wconf 91' lang='lat' dir='ltr'>omni</span> <span class='ocrx_word' id='word_1_105' title='bbox 876 1416 918 1465; x_wconf 87' lang='lat' dir='ltr'>dic</span> <span class='ocrx_word' id='word_1_106' title='bbox 935 1414 1028 1467; x_wconf 80' lang='lat' dir='ltr'>Lxxx</span> <span class='ocrx_word' id='word_1_107' title='bbox 1045 1417 1115 1466; x_wconf 83' lang='lat' dir='ltr'>milio</span> 
     </span>
     <span class='ocr_line' id='line_1_17' title="bbox 135 1481 1114 1547; baseline 0.003 -16"><span class='ocrx_word' id='word_1_108' title='bbox 135 1482 275 1531; x_wconf 83' lang='lat' dir='ltr'>modiorum</span> <span class='ocrx_word' id='word_1_109' title='bbox 301 1496 427 1531; x_wconf 90' lang='lat' dir='ltr'>annonae:</span> <span class='ocrx_word' id='word_1_110' title='bbox 449 1488 473 1530; x_wconf 90' lang='lat' dir='ltr'>et</span> <span class='ocrx_word' id='word_1_111' title='bbox 490 1483 527 1531; x_wconf 88' lang='lat' dir='ltr'>sic</span> <span class='ocrx_word' id='word_1_112' title='bbox 542 1497 587 1547; x_wconf 88' lang='lat' dir='ltr'>per</span> <span class='ocrx_word' id='word_1_113' title='bbox 604 1481 653 1531; x_wconf 90' lang='lat' dir='ltr'>hoo</span> <span class='ocrx_word' id='word_1_114' title='bbox 672 1484 804 1545; x_wconf 77' lang='lat' dir='ltr'>aequisivit</span> <span class='ocrx_word' id='word_1_115' title='bbox 822 1484 871 1532; x_wconf 91' lang='lat' dir='ltr'>sibi</span> <span class='ocrx_word' id='word_1_116' title='bbox 889 1485 982 1533; x_wconf 88' lang='lat' dir='ltr'>multos</span> <span class='ocrx_word' id='word_1_117' title='bbox 1000 1483 1114 1534; x_wconf 84' lang='lat' dir='ltr'>clientes.</span> 
     </span>
     <span class='ocr_line' id='line_1_18' title="bbox 134 1548 1115 1618; baseline 0.002 -19"><span class='ocrx_word' id='word_1_118' title='bbox 134 1549 266 1600; x_wconf 70' lang='lat' dir='ltr'>Scholiast.</span> <span class='ocrx_word' id='word_1_119' title='bbox 285 1556 332 1599; x_wconf 84' lang='lat' dir='ltr'>vet.</span> <span class='ocrx_word' id='word_1_120' title='bbox 359 1550 459 1599; x_wconf 83' lang='lat' dir='ltr'>Lucani</span> <span class='ocrx_word' id='word_1_121' title='bbox 479 1550 515 1598; x_wconf 84' lang='lat' dir='ltr'>ad</span> <span class='ocrx_word' id='word_1_122' title='bbox 536 1550 628 1600; x_wconf 73' lang='lat' dir='ltr'>Phara.</span> <span class='ocrx_word' id='word_1_123' title='bbox 647 1549 676 1614; x_wconf 86' lang='lat' dir='ltr'>I,</span> <span class='ocrx_word' id='word_1_124' title='bbox 694 1548 755 1602; x_wconf 79' lang='lat'>319.</span> <span class='ocrx_word' id='word_1_125' title='bbox 778 1552 812 1615; x_wconf 79' lang='lat' dir='ltr'>cf.</span> <span class='ocrx_word' id='word_1_126' title='bbox 841 1550 935 1602; x_wconf 84' lang='lat' dir='ltr'>Ottnnis</span> <span class='ocrx_word' id='word_1_127' title='bbox 958 1553 1067 1618; x_wconf 72' lang='lat' dir='ltr'>nequo.</span> <span class='ocrx_word' id='word_1_128' title='bbox 1089 1555 1115 1602; x_wconf 84' lang='lat' dir='ltr'>in</span> 
     </span>
     <span class='ocr_line' id='line_1_19' title="bbox 137 1614 663 1681; baseline 0 -14"><span class='ocrx_word' id='word_1_129' title='bbox 137 1619 201 1667; x_wconf 82' lang='grc' dir='ltr'>Αιιιι.</span> <span class='ocrx_word' id='word_1_130' title='bbox 222 1619 369 1671; x_wconf 83' lang='lat' dir='ltr'>Darrnstad.</span> <span class='ocrx_word' id='word_1_131' title='bbox 388 1619 435 1667; x_wconf 84' lang='grc' dir='ltr'>αοὶ.</span> <span class='ocrx_word' id='word_1_132' title='bbox 460 1616 538 1668; x_wconf 88' lang='lat' dir='ltr'><em>VIII.</em></span> <span class='ocrx_word' id='word_1_133' title='bbox 556 1634 583 1681; x_wconf 89' lang='lat' dir='ltr'>p.</span> <span class='ocrx_word' id='word_1_134' title='bbox 603 1614 663 1669; x_wconf 80' lang='lat'><strong>318.</strong></span> 
     </span>
     <span class='ocr_line' id='line_1_20' title="bbox 516 1684 730 1737; baseline -0.005 -1"><span class='ocrx_word' id='word_1_135' title='bbox 516 1684 595 1736; x_wconf 74' lang='lat' dir='ltr'>*Era</span> <span class='ocrx_word' id='word_1_136' title='bbox 613 1687 654 1736; x_wconf 83' lang='lat' dir='ltr'>b&#39;b.</span> <span class='ocrx_word' id='word_1_137' title='bbox 675 1687 730 1737; x_wconf 82' lang='lat' dir='ltr'>CV.</span> 
     </span>
     <span class='ocr_line' id='line_1_21' title="bbox 185 1753 1115 1819; baseline 0.006 -16"><span class='ocrx_word' id='word_1_138' title='bbox 185 1763 219 1811; x_wconf 76' lang='grc' dir='ltr'>ιιι)</span> <span class='ocrx_word' id='word_1_139' title='bbox 240 1756 354 1805; x_wconf 78' lang='lat' dir='ltr'>Formam</span> <span class='ocrx_word' id='word_1_140' title='bbox 378 1756 456 1805; x_wconf 89' lang='lat' dir='ltr'>totius</span> <span class='ocrx_word' id='word_1_141' title='bbox 473 1753 617 1804; x_wconf 72' lang='lat' dir='ltr'>Britanniae</span> <span class='ocrx_word' id='word_1_142' title='bbox 632 1755 720 1806; x_wconf 86' lang='lat' dir='ltr'>Livius</span> <span class='ocrx_word' id='word_1_143' title='bbox 733 1765 860 1819; x_wconf 84' lang='lat' dir='ltr'>veterum,</span> <span class='ocrx_word' id='word_1_144' title='bbox 886 1760 978 1809; x_wconf 84' lang='lat' dir='ltr'>Fabius</span> <span class='ocrx_word' id='word_1_145' title='bbox 996 1759 1115 1809; x_wconf 86' lang='lat' dir='ltr'>Rusticus</span> 
     </span>
     <span class='ocr_line' id='line_1_22' title="bbox 136 1824 1113 1893; baseline 0.002 -17"><span class='ocrx_word' id='word_1_146' title='bbox 136 1824 288 1882; x_wconf 89' lang='lat' dir='ltr'>recentium,</span> <span class='ocrx_word' id='word_1_147' title='bbox 315 1824 513 1886; x_wconf 80' lang='lat' dir='ltr'>eloquentissimi</span> <span class='ocrx_word' id='word_1_148' title='bbox 532 1834 661 1882; x_wconf 85' lang='lat' dir='ltr'>auctores,</span> <span class='ocrx_word' id='word_1_149' title='bbox 681 1824 806 1892; x_wconf 79' lang='lat' dir='ltr'>oblongae</span> <span class='ocrx_word' id='word_1_150' title='bbox 824 1829 940 1878; x_wconf 88' lang='lat' dir='ltr'>scutulas</span> <span class='ocrx_word' id='word_1_151' title='bbox 957 1829 995 1879; x_wconf 84' lang='lat' dir='ltr'>vei</span> <span class='ocrx_word' id='word_1_152' title='bbox 1012 1830 1113 1893; x_wconf 85' lang='lat' dir='ltr'>bipenni</span> 
     </span>
     <span class='ocr_line' id='line_1_23' title="bbox 137 1891 683 1957; baseline -0.002 -13"><span class='ocrx_word' id='word_1_153' title='bbox 137 1893 323 1944; x_wconf 84' lang='lat' dir='ltr'>assimulaverc.</span> <span class='ocrx_word' id='word_1_154' title='bbox 356 1891 436 1942; x_wconf 81' lang='grc' dir='ltr'>Τοοίι.</span> <span class='ocrx_word' id='word_1_155' title='bbox 456 1891 544 1957; x_wconf 73' lang='grc' dir='ltr'>Αγττο.</span> <span class='ocrx_word' id='word_1_156' title='bbox 563 1908 620 1957; x_wconf 84' lang='lat' dir='ltr'>cap.</span> <span class='ocrx_word' id='word_1_157' title='bbox 641 1892 683 1944; x_wconf 86' lang='lat'>10.</span> 
     </span>
     <span class='ocr_line' id='line_1_24' title="bbox 186 1960 1115 2027; baseline 0.003 -18"><span class='ocrx_word' id='word_1_158' title='bbox 186 1967 221 2017; x_wconf 77' lang='lat' dir='ltr'>tn)</span> <span class='ocrx_word' id='word_1_159' title='bbox 240 1961 382 2011; x_wconf 77' lang='lat' dir='ltr'>Britanniae</span> <span class='ocrx_word' id='word_1_160' title='bbox 399 1960 457 2010; x_wconf 86' lang='lat' dir='ltr'>licet</span> <span class='ocrx_word' id='word_1_161' title='bbox 472 1962 672 2027; x_wconf 80' lang='lat' dir='ltr'>magnitudinem</span> <span class='ocrx_word' id='word_1_162' title='bbox 690 1962 749 2012; x_wconf 82' lang='lat' dir='ltr'>oiim</span> <span class='ocrx_word' id='word_1_163' title='bbox 767 1978 854 2023; x_wconf 90' lang='lat' dir='ltr'>nemo,</span> <span class='ocrx_word' id='word_1_164' title='bbox 879 1971 907 2013; x_wconf 87' lang='lat' dir='ltr'>ut</span> <span class='ocrx_word' id='word_1_165' title='bbox 924 1964 1002 2015; x_wconf 78' lang='lat' dir='ltr'>refert</span> <span class='ocrx_word' id='word_1_166' title='bbox 1018 1965 1115 2024; x_wconf 82' lang='lat' dir='ltr'>Livius,</span> 
     </span>
     <span class='ocr_line' id='line_1_25' title="bbox 136 2030 1113 2096; baseline 0.002 -16"><span class='ocrx_word' id='word_1_167' title='bbox 136 2035 316 2081; x_wconf 81' lang='lat' dir='ltr'>circumvectus</span> <span class='ocrx_word' id='word_1_168' title='bbox 335 2037 382 2088; x_wconf 87' lang='lat' dir='ltr'>est,</span> <span class='ocrx_word' id='word_1_169' title='bbox 401 2030 486 2079; x_wconf 87' lang='lat' dir='ltr'>multis</span> <span class='ocrx_word' id='word_1_170' title='bbox 504 2038 587 2080; x_wconf 86' lang='lat' dir='ltr'>tamen</span> <span class='ocrx_word' id='word_1_171' title='bbox 599 2033 657 2081; x_wconf 82' lang='lat' dir='ltr'>data</span> <span class='ocrx_word' id='word_1_172' title='bbox 670 2037 709 2081; x_wconf 88' lang='lat' dir='ltr'>est</span> <span class='ocrx_word' id='word_1_173' title='bbox 721 2032 790 2080; x_wconf 88' lang='lat' dir='ltr'>varia</span> <span class='ocrx_word' id='word_1_174' title='bbox 801 2032 886 2096; x_wconf 91' lang='lat' dir='ltr'>opinio</span> <span class='ocrx_word' id='word_1_175' title='bbox 899 2032 930 2082; x_wconf 86' lang='lat' dir='ltr'>de</span> <span class='ocrx_word' id='word_1_176' title='bbox 943 2047 973 2082; x_wconf 89' lang='lat' dir='ltr'>ea</span> <span class='ocrx_word' id='word_1_177' title='bbox 984 2032 1113 2096; x_wconf 80' lang='lat' dir='ltr'>loquendi.</span> 
     </span>
     <span class='ocr_line' id='line_1_26' title="bbox 137 2097 641 2161; baseline 0.002 -13"><span class='ocrx_word' id='word_1_178' title='bbox 137 2098 280 2150; x_wconf 79' lang='lat' dir='ltr'>[amandes</span> <span class='ocrx_word' id='word_1_179' title='bbox 298 2099 329 2149; x_wconf 80' lang='lat' dir='ltr'>de</span> <span class='ocrx_word' id='word_1_180' title='bbox 346 2100 422 2149; x_wconf 81' lang='lat' dir='ltr'>rebar</span> <span class='ocrx_word' id='word_1_181' title='bbox 440 2099 517 2150; x_wconf 84' lang='lat' dir='ltr'>Getic.</span> <span class='ocrx_word' id='word_1_182' title='bbox 539 2114 595 2161; x_wconf 85' lang='lat' dir='ltr'>cop.</span> <span class='ocrx_word' id='word_1_183' title='bbox 615 2097 641 2149; x_wconf 71' lang='grc'>2.</span> 
     </span>
    </p>
   </div>
   <div class='ocr_carea' id='block_1_3' title="bbox 134 2172 1119 3479">
    <p class='ocr_par' dir='ltr' id='par_1_3' title="bbox 134 2172 1119 3479">
     <span class='ocr_line' id='line_1_27' title="bbox 516 2172 742 2228; baseline 0.013 -4"><span class='ocrx_word' id='word_1_184' title='bbox 516 2172 593 2226; x_wconf 79' lang='lat' dir='ltr'>*Ex</span> <span class='ocrx_word' id='word_1_185' title='bbox 610 2177 652 2227; x_wconf 81' lang='lat' dir='ltr'>lib.</span> <span class='ocrx_word' id='word_1_186' title='bbox 672 2177 742 2228; x_wconf 82' lang='lat' dir='ltr'>clx.</span> 
     </span>
     <span class='ocr_line' id='line_1_28' title="bbox 185 2242 1117 2311; baseline 0.001 -19"><span class='ocrx_word' id='word_1_187' title='bbox 185 2251 221 2302; x_wconf 81' lang='grc' dir='ltr'>ιι)</span> <span class='ocrx_word' id='word_1_188' title='bbox 242 2242 470 2311; x_wconf 74' lang='lat' dir='ltr'>septingentesimo</span> <span class='ocrx_word' id='word_1_189' title='bbox 493 2245 648 2295; x_wconf 85' lang='lat' dir='ltr'>condicionis</span> <span class='ocrx_word' id='word_1_190' title='bbox 666 2262 728 2295; x_wconf 84' lang='lat' dir='ltr'>suae</span> <span class='ocrx_word' id='word_1_191' title='bbox 745 2260 811 2295; x_wconf 91' lang='lat' dir='ltr'>anno</span> <span class='ocrx_word' id='word_1_192' title='bbox 830 2245 1028 2309; x_wconf 86' lang='lat' dir='ltr'>quattuordecim</span> <span class='ocrx_word' id='word_1_193' title='bbox 1045 2244 1117 2294; x_wconf 86' lang='lat' dir='ltr'>vicos</span> 
     </span>
     <span class='ocr_line' id='line_1_29' title="bbox 136 2312 1114 2381; baseline -0.005 -14"><span class='ocrx_word' id='word_1_194' title='bbox 136 2316 189 2367; x_wconf 82' lang='lat' dir='ltr'>eins</span> <span class='ocrx_word' id='word_1_195' title='bbox 207 2312 331 2378; x_wconf 83' lang='lat' dir='ltr'>(Romae)</span> <span class='ocrx_word' id='word_1_196' title='bbox 348 2314 469 2364; x_wconf 85' lang='lat' dir='ltr'>incertum</span> <span class='ocrx_word' id='word_1_197' title='bbox 491 2313 558 2363; x_wconf 85' lang='lat' dir='ltr'>unde</span> <span class='ocrx_word' id='word_1_198' title='bbox 581 2329 736 2381; x_wconf 77' lang='lat' dir='ltr'>consurgens</span> <span class='ocrx_word' id='word_1_199' title='bbox 754 2315 855 2365; x_wconf 86' lang='lat' dir='ltr'>flamma</span> <span class='ocrx_word' id='word_1_200' title='bbox 873 2314 1043 2379; x_wconf 79' lang='lat' dir='ltr'>consumpsit:</span> <span class='ocrx_word' id='word_1_201' title='bbox 1068 2327 1114 2362; x_wconf 86' lang='lat' dir='ltr'>nec</span> 
     </span>
     <span class='ocr_line' id='line_1_30' title="bbox 135 2382 1115 2447; baseline -0.003 -14"><span class='ocrx_word' id='word_1_202' title='bbox 135 2398 264 2447; x_wconf 84' lang='lat' dir='ltr'>umquam,</span> <span class='ocrx_word' id='word_1_203' title='bbox 282 2391 311 2432; x_wconf 87' lang='lat' dir='ltr'>at</span> <span class='ocrx_word' id='word_1_204' title='bbox 328 2383 363 2432; x_wconf 88' lang='lat' dir='ltr'>ait</span> <span class='ocrx_word' id='word_1_205' title='bbox 379 2382 476 2443; x_wconf 85' lang='lat' dir='ltr'>Livius,</span> <span class='ocrx_word' id='word_1_206' title='bbox 497 2384 592 2433; x_wconf 85' lang='lat' dir='ltr'>maiore</span> <span class='ocrx_word' id='word_1_207' title='bbox 609 2384 725 2434; x_wconf 87' lang='lat' dir='ltr'>incendio</span> <span class='ocrx_word' id='word_1_208' title='bbox 741 2392 840 2434; x_wconf 85' lang='lat' dir='ltr'>vastata</span> <span class='ocrx_word' id='word_1_209' title='bbox 858 2391 911 2442; x_wconf 72' lang='grc' dir='ltr'>ταις</span> <span class='ocrx_word' id='word_1_210' title='bbox 935 2383 999 2433; x_wconf 85' lang='lat' dir='ltr'>eden</span> <span class='ocrx_word' id='word_1_211' title='bbox 1017 2388 1044 2432; x_wconf 89' lang='lat' dir='ltr'>ut</span> <span class='ocrx_word' id='word_1_212' title='bbox 1056 2389 1115 2447; x_wconf 88' lang='lat' dir='ltr'>post</span> 
     </span>
     <span class='ocr_line' id='line_1_31' title="bbox 135 2450 1116 2518; baseline -0.003 -16"><span class='ocrx_word' id='word_1_213' title='bbox 135 2453 231 2515; x_wconf 74' lang='lat' dir='ltr'>aliquot</span> <span class='ocrx_word' id='word_1_214' title='bbox 249 2466 328 2500; x_wconf 85' lang='lat' dir='ltr'>annos</span> <span class='ocrx_word' id='word_1_215' title='bbox 345 2450 438 2502; x_wconf 85' lang='lat' dir='ltr'>Caesar</span> <span class='ocrx_word' id='word_1_216' title='bbox 454 2452 587 2516; x_wconf 76' lang='lat' dir='ltr'>Augustus</span> <span class='ocrx_word' id='word_1_217' title='bbox 605 2453 638 2503; x_wconf 84' lang='lat' dir='ltr'>ad</span> <span class='ocrx_word' id='word_1_218' title='bbox 654 2454 838 2518; x_wconf 88' lang='lat' dir='ltr'>reparationem</span> <span class='ocrx_word' id='word_1_219' title='bbox 855 2468 955 2513; x_wconf 90' lang='lat' dir='ltr'>eorum,</span> <span class='ocrx_word' id='word_1_220' title='bbox 972 2466 1037 2514; x_wconf 86' lang='lat' dir='ltr'>qnae</span> <span class='ocrx_word' id='word_1_221' title='bbox 1055 2459 1116 2500; x_wconf 86' lang='lat' dir='ltr'>tunc</span> 
     </span>
     <span class='ocr_line' id='line_1_32' title="bbox 135 2520 1112 2639; baseline -0.004 -68"><span class='ocrx_word' id='word_1_222' title='bbox 135 2529 226 2571; x_wconf 82' lang='lat' dir='ltr'>exusta</span> <span class='ocrx_word' id='word_1_223' title='bbox 239 2526 453 2639; x_wconf 41' lang='lat' dir='ltr'>eranthmognom</span> <span class='ocrx_word' id='word_1_224' title='bbox 471 2521 521 2569; x_wconf 86' lang='lat' dir='ltr'>vim</span> <span class='ocrx_word' id='word_1_225' title='bbox 538 2523 662 2585; x_wconf 88' lang='lat' dir='ltr'>pecuniae</span> <span class='ocrx_word' id='word_1_226' title='bbox 678 2537 710 2571; x_wconf 85' lang='lat' dir='ltr'>ex</span> <span class='ocrx_word' id='word_1_227' title='bbox 727 2522 823 2571; x_wconf 82' lang='lat' dir='ltr'>aerario</span> <span class='ocrx_word' id='word_1_228' title='bbox 838 2521 939 2586; x_wconf 87' lang='lat' dir='ltr'>publico</span> <span class='ocrx_word' id='word_1_229' title='bbox 952 2521 1057 2586; x_wconf 77' lang='lat' dir='ltr'>largitus</span> <span class='ocrx_word' id='word_1_230' title='bbox 1070 2520 1112 2567; x_wconf 89' lang='lat' dir='ltr'>sit.</span> 
     </span>
     <span class='ocr_line' id='line_1_33' title="bbox 134 2588 340 2649; baseline -0.005 -9"><span class='ocrx_word' id='word_1_231' title='bbox 134 2590 208 2640; x_wconf 83' lang='lat' dir='ltr'>Orco.</span> <span class='ocrx_word' id='word_1_232' title='bbox 231 2588 295 2649; x_wconf 88' lang='lat' dir='ltr'><em>VII,</em></span> <span class='ocrx_word' id='word_1_233' title='bbox 333 2624 340 2639; x_wconf 89' lang='lat'><strong>.</strong></span> 
     </span>
     <span class='ocr_line' id='line_1_34' title="bbox 184 2657 1114 2719; baseline -0.001 -13"><span class='ocrx_word' id='word_1_234' title='bbox 184 2664 218 2713; x_wconf 73' lang='grc' dir='ltr'>ιι)</span> <span class='ocrx_word' id='word_1_235' title='bbox 237 2657 331 2708; x_wconf 77' lang='lat' dir='ltr'>Caesar</span> <span class='ocrx_word' id='word_1_236' title='bbox 347 2659 475 2708; x_wconf 83' lang='lat' dir='ltr'>Rubicone</span> <span class='ocrx_word' id='word_1_237' title='bbox 492 2659 595 2709; x_wconf 83' lang='lat' dir='ltr'>flumine</span> <span class='ocrx_word' id='word_1_238' title='bbox 612 2665 775 2719; x_wconf 87' lang='lat' dir='ltr'>transmeato,</span> <span class='ocrx_word' id='word_1_239' title='bbox 793 2673 853 2709; x_wconf 84' lang='lat' dir='ltr'>mox</span> <span class='ocrx_word' id='word_1_240' title='bbox 871 2666 900 2707; x_wconf 92' lang='grc' dir='ltr'>ιιι</span> <span class='ocrx_word' id='word_1_241' title='bbox 911 2658 1053 2708; x_wconf 76' lang='lat' dir='ltr'>Ariminum</span> <span class='ocrx_word' id='word_1_242' title='bbox 1071 2672 1114 2706; x_wconf 81' lang='lat' dir='ltr'>re-</span> 
     </span>
     <span class='ocr_line' id='line_1_35' title="bbox 134 2725 1116 2790; baseline -0.001 -17"><span class='ocrx_word' id='word_1_243' title='bbox 134 2726 186 2784; x_wconf 86' lang='lat' dir='ltr'>nit,</span> <span class='ocrx_word' id='word_1_244' title='bbox 210 2725 322 2788; x_wconf 86' lang='lat' dir='ltr'>quinque</span> <span class='ocrx_word' id='word_1_245' title='bbox 340 2725 471 2785; x_wconf 88' lang='lat' dir='ltr'>cohortes,</span> <span class='ocrx_word' id='word_1_246' title='bbox 496 2741 559 2789; x_wconf 85' lang='lat' dir='ltr'>quas</span> <span class='ocrx_word' id='word_1_247' title='bbox 577 2736 637 2777; x_wconf 90' lang='lat' dir='ltr'>tunc</span> <span class='ocrx_word' id='word_1_248' title='bbox 654 2726 724 2777; x_wconf 84' lang='lat' dir='ltr'>soles</span> <span class='ocrx_word' id='word_1_249' title='bbox 740 2725 860 2786; x_wconf 82' lang='lat' dir='ltr'>habebat,</span> <span class='ocrx_word' id='word_1_250' title='bbox 885 2741 941 2776; x_wconf 92' lang='lat' dir='ltr'>cnm</span> <span class='ocrx_word' id='word_1_251' title='bbox 959 2727 1063 2790; x_wconf 89' lang='lat' dir='ltr'>quibus,</span> <span class='ocrx_word' id='word_1_252' title='bbox 1087 2731 1116 2773; x_wconf 89' lang='lat' dir='ltr'>nt</span> 
     </span>
     <span class='ocr_line' id='line_1_36' title="bbox 135 2792 1116 2859; baseline 0 -17"><span class='ocrx_word' id='word_1_253' title='bbox 135 2794 171 2842; x_wconf 88' lang='lat' dir='ltr'>ait</span> <span class='ocrx_word' id='word_1_254' title='bbox 182 2793 279 2852; x_wconf 86' lang='lat' dir='ltr'>Livius,</span> <span class='ocrx_word' id='word_1_255' title='bbox 298 2793 384 2841; x_wconf 86' lang='lat' dir='ltr'>orbem</span> <span class='ocrx_word' id='word_1_256' title='bbox 400 2802 522 2843; x_wconf 84' lang='lat' dir='ltr'>terrorum</span> <span class='ocrx_word' id='word_1_257' title='bbox 538 2795 642 2845; x_wconf 73' lang='lat' dir='ltr'>udonus</span> <span class='ocrx_word' id='word_1_258' title='bbox 660 2804 708 2858; x_wconf 89' lang='lat' dir='ltr'>est,</span> <span class='ocrx_word' id='word_1_259' title='bbox 727 2795 789 2857; x_wconf 89' lang='lat' dir='ltr'>qnid</span> <span class='ocrx_word' id='word_1_260' title='bbox 803 2795 869 2844; x_wconf 83' lang='lat' dir='ltr'>facto</span> <span class='ocrx_word' id='word_1_261' title='bbox 885 2809 949 2859; x_wconf 90' lang='lat' dir='ltr'>opus</span> <span class='ocrx_word' id='word_1_262' title='bbox 962 2801 1038 2859; x_wconf 89' lang='lat' dir='ltr'>esset,</span> <span class='ocrx_word' id='word_1_263' title='bbox 1056 2792 1116 2842; x_wconf 84' lang='lat' dir='ltr'>edo-</span> 
     </span>
     <span class='ocr_line' id='line_1_37' title="bbox 134 2858 958 2924; baseline 0.005 -13"><span class='ocrx_word' id='word_1_264' title='bbox 134 2863 194 2911; x_wconf 86' lang='lat' dir='ltr'>cuit.</span> <span class='ocrx_word' id='word_1_265' title='bbox 224 2858 297 2910; x_wconf 81' lang='lat' dir='ltr'>Oroa.</span> <span class='ocrx_word' id='word_1_266' title='bbox 322 2860 371 2920; x_wconf 92' lang='lat' dir='ltr'>VI,</span> <span class='ocrx_word' id='word_1_267' title='bbox 393 2860 434 2911; x_wconf 80' lang='lat'>15.</span> <span class='ocrx_word' id='word_1_268' title='bbox 463 2861 503 2923; x_wconf 75' lang='lat' dir='ltr'>Cf.</span> <span class='ocrx_word' id='word_1_269' title='bbox 521 2863 674 2913; x_wconf 75' lang='lat' dir='ltr'>Freinrhm.</span> <span class='ocrx_word' id='word_1_270' title='bbox 693 2862 817 2924; x_wconf 75' lang='lat' dir='ltr'>Srrpptern.</span> <span class='ocrx_word' id='word_1_271' title='bbox 835 2877 892 2924; x_wconf 86' lang='lat' dir='ltr'>cop.</span> <span class='ocrx_word' id='word_1_272' title='bbox 912 2860 958 2916; x_wconf 79' lang='lat'>39.</span> 
     </span>
     <span class='ocr_line' id='line_1_38' title="bbox 509 2926 739 2981; baseline -0.009 -2"><span class='ocrx_word' id='word_1_273' title='bbox 509 2926 589 2979; x_wconf 74' lang='lat' dir='ltr'>*En</span> <span class='ocrx_word' id='word_1_274' title='bbox 607 2931 649 2980; x_wconf 79' lang='lat' dir='ltr'>tib.</span> <span class='ocrx_word' id='word_1_275' title='bbox 669 2930 739 2981; x_wconf 80' lang='lat' dir='ltr'><em>CXI.</em></span> 
     </span>
     <span class='ocr_line' id='line_1_39' title="bbox 187 2996 1115 3063; baseline 0.001 -17"><span class='ocrx_word' id='word_1_276' title='bbox 187 3003 221 3053; x_wconf 77' lang='lat'>3³)</span> <span class='ocrx_word' id='word_1_277' title='bbox 243 2996 340 3047; x_wconf 88' lang='lat' dir='ltr'>Primus</span> <span class='ocrx_word' id='word_1_278' title='bbox 356 2996 455 3047; x_wconf 88' lang='lat' dir='ltr'>hostem</span> <span class='ocrx_word' id='word_1_279' title='bbox 476 3000 601 3062; x_wconf 89' lang='lat' dir='ltr'>percussit</span> <span class='ocrx_word' id='word_1_280' title='bbox 617 3013 699 3062; x_wconf 89' lang='lat' dir='ltr'>nuper</span> <span class='ocrx_word' id='word_1_281' title='bbox 717 2998 771 3062; x_wconf 89' lang='lat' dir='ltr'>piio</span> <span class='ocrx_word' id='word_1_282' title='bbox 790 3013 844 3047; x_wconf 90' lang='lat' dir='ltr'>snm</span> <span class='ocrx_word' id='word_1_283' title='bbox 865 3005 891 3048; x_wconf 92' lang='grc' dir='ltr'>ιο</span> <span class='ocrx_word' id='word_1_284' title='bbox 909 2998 992 3063; x_wconf 90' lang='lat' dir='ltr'>primo</span> <span class='ocrx_word' id='word_1_285' title='bbox 1009 2998 1035 3048; x_wconf 82' lang='lat' dir='ltr'>G.</span> <span class='ocrx_word' id='word_1_286' title='bbox 1057 2998 1115 3049; x_wconf 83' lang='lat' dir='ltr'>Cra·</span> 
     </span>
     <span class='ocr_line' id='line_1_40' title="bbox 135 3012 890 3127; baseline -0.001 -11"><span class='ocrx_word' id='word_1_287' title='bbox 135 3068 227 3116; x_wconf 88' lang='lat' dir='ltr'>stinus.</span> <span class='ocrx_word' id='word_1_288' title='bbox 247 3065 380 3116; x_wconf 70' lang='lat' dir='ltr'>Sctoltaet.</span> <span class='ocrx_word' id='word_1_289' title='bbox 400 3074 448 3117; x_wconf 84' lang='lat' dir='ltr'>vet.</span> <span class='ocrx_word' id='word_1_290' title='bbox 470 3067 568 3116; x_wconf 83' lang='lat' dir='ltr'>Lucani</span> <span class='ocrx_word' id='word_1_291' title='bbox 583 3068 619 3116; x_wconf 86' lang='lat' dir='ltr'>ad</span> <span class='ocrx_word' id='word_1_292' title='bbox 634 3066 728 3116; x_wconf 75' lang='lat' dir='ltr'>Phora.</span> <span class='ocrx_word' id='word_1_293' title='bbox 751 3066 815 3127; x_wconf 87' lang='lat' dir='ltr'><em>VII,</em></span> <span class='ocrx_word' id='word_1_294' title='bbox 831 3012 890 3118; x_wconf 51' lang='lat' dir='ltr'>til.</span> 
     </span>
     <span class='ocr_line' id='line_1_41' title="bbox 184 3124 1116 3203; baseline -0.001 -19"><span class='ocrx_word' id='word_1_295' title='bbox 184 3141 219 3193; x_wconf 78' lang='grc' dir='ltr'>ιι)</span> <span class='ocrx_word' id='word_1_296' title='bbox 235 3125 281 3184; x_wconf 87' lang='grc' dir='ltr'>Ἐν</span> <span class='ocrx_word' id='word_1_297' title='bbox 290 3129 321 3185; x_wconf 77' lang='grc' dir='ltr'>δέ</span> <span class='ocrx_word' id='word_1_298' title='bbox 331 3131 462 3203; x_wconf 79' lang='grc' dir='ltr'><strong><em>Παταβίῳ</em></strong></span> <span class='ocrx_word' id='word_1_299' title='bbox 476 3128 562 3191; x_wconf 76' lang='grc' dir='ltr'><strong><em>Γάϊος</em></strong></span> <span class='ocrx_word' id='word_1_300' title='bbox 570 3126 734 3198; x_wconf 76' lang='grc' dir='ltr'><strong><em>Κορνήλιος,</em></strong></span> <span class='ocrx_word' id='word_1_301' title='bbox 744 3126 817 3198; x_wconf 77' lang='grc' dir='ltr'><strong><em>οἷνὴρ</em></strong></span> <span class='ocrx_word' id='word_1_302' title='bbox 832 3124 977 3201; x_wconf 73' lang='grc' dir='ltr'>εὐδόκιμος</span> <span class='ocrx_word' id='word_1_303' title='bbox 991 3127 1038 3185; x_wconf 74' lang='grc' dir='ltr'>ἐπὶ</span> <span class='ocrx_word' id='word_1_304' title='bbox 1047 3148 1116 3199; x_wconf 81' lang='grc' dir='ltr'><strong><em>μαν-</em></strong></span> 
     </span>
     <span class='ocr_line' id='line_1_42' title="bbox 134 3194 1118 3273; baseline -0.004 -20"><span class='ocrx_word' id='word_1_305' title='bbox 134 3203 206 3272; x_wconf 76' lang='grc' dir='ltr'>τικῇ,</span> <span class='ocrx_word' id='word_1_306' title='bbox 224 3201 325 3273; x_wconf 78' lang='grc' dir='ltr'>Λιβίου</span> <span class='ocrx_word' id='word_1_307' title='bbox 343 3200 392 3252; x_wconf 81' lang='grc' dir='ltr'>τοῦ</span> <span class='ocrx_word' id='word_1_308' title='bbox 409 3218 512 3269; x_wconf 83' lang='grc' dir='ltr'><strong><em>ονγγρα</em></strong></span> <span class='ocrx_word' id='word_1_309' title='bbox 537 3198 588 3261; x_wconf 81' lang='grc' dir='ltr'>ἕως</span> <span class='ocrx_word' id='word_1_310' title='bbox 605 3201 722 3268; x_wconf 72' lang='grc' dir='ltr'><strong><em>πολίτης</em></strong></span> <span class='ocrx_word' id='word_1_311' title='bbox 738 3198 786 3253; x_wconf 73' lang='grc' dir='ltr'><strong><em>καὶ</em></strong></span> <span class='ocrx_word' id='word_1_312' title='bbox 803 3196 954 3272; x_wconf 74' lang='grc' dir='ltr'><strong><em>γνώριμος,</em></strong></span> <span class='ocrx_word' id='word_1_313' title='bbox 970 3194 1118 3269; x_wconf 74' lang='grc' dir='ltr'><strong><em>ἐτύγχανεν</em></strong></span> 
     </span>
     <span class='ocr_line' id='line_1_43' title="bbox 135 3220 1116 3341; baseline -0.004 -19"><span class='ocrx_word' id='word_1_314' title='bbox 135 3262 178 3322; x_wconf 72' lang='grc' dir='ltr'>ἔντ’</span> <span class='ocrx_word' id='word_1_315' title='bbox 200 3266 314 3333; x_wconf 77' lang='grc' dir='ltr'><strong><em>οἰωνοῖς</em></strong></span> <span class='ocrx_word' id='word_1_316' title='bbox 334 3264 497 3338; x_wconf 70' lang='grc' dir='ltr'><strong><em>καθήμενος</em></strong></span> <span class='ocrx_word' id='word_1_317' title='bbox 514 3220 626 3338; x_wconf 54' lang='lat' dir='ltr'>Iasium</span> <span class='ocrx_word' id='word_1_318' title='bbox 639 3265 694 3336; x_wconf 82' lang='grc' dir='ltr'>τὴν</span> <span class='ocrx_word' id='word_1_319' title='bbox 711 3265 826 3338; x_wconf 78' lang='grc' dir='ltr'>ἡμέραν.</span> <span class='ocrx_word' id='word_1_320' title='bbox 853 3271 910 3325; x_wconf 73' lang='grc' dir='ltr'><strong><em>Καὶ</em></strong></span> <span class='ocrx_word' id='word_1_321' title='bbox 928 3273 1038 3341; x_wconf 77' lang='grc' dir='ltr'><strong><em>πρῶτον</em></strong></span> <span class='ocrx_word' id='word_1_322' title='bbox 1056 3266 1116 3335; x_wconf 80' lang='grc' dir='ltr'><strong><em>μέν,</em></strong></span> 
     </span>
     <span class='ocr_line' id='line_1_44' title="bbox 135 3331 1118 3410; baseline 0.004 -19"><span class='ocrx_word' id='word_1_323' title='bbox 135 3334 173 3398; x_wconf 76' lang='grc' dir='ltr'>ὥς</span> <span class='ocrx_word' id='word_1_324' title='bbox 194 3334 291 3410; x_wconf 76' lang='grc' dir='ltr'>Λίβιός</span> <span class='ocrx_word' id='word_1_325' title='bbox 314 3355 399 3407; x_wconf 82' lang='grc' dir='ltr'>φησι,</span> <span class='ocrx_word' id='word_1_326' title='bbox 424 3337 474 3392; x_wconf 83' lang='grc' dir='ltr'>τὸν</span> <span class='ocrx_word' id='word_1_327' title='bbox 497 3334 597 3406; x_wconf 81' lang='grc' dir='ltr'><strong><em>καιρὸν</em></strong></span> <span class='ocrx_word' id='word_1_328' title='bbox 614 3334 685 3407; x_wconf 75' lang='grc' dir='ltr'><strong><em>ἔγνω</em></strong></span> <span class='ocrx_word' id='word_1_329' title='bbox 705 3340 755 3407; x_wconf 77' lang='grc' dir='ltr'>τῆς</span> <span class='ocrx_word' id='word_1_330' title='bbox 773 3336 877 3409; x_wconf 76' lang='grc' dir='ltr'><em>μάχης,</em></span> <span class='ocrx_word' id='word_1_331' title='bbox 899 3339 948 3394; x_wconf 69' lang='grc' dir='ltr'><strong><em>καὶ</em></strong></span> <span class='ocrx_word' id='word_1_332' title='bbox 965 3335 1036 3405; x_wconf 75' lang='grc' dir='ltr'>πρὸς</span> <span class='ocrx_word' id='word_1_333' title='bbox 1052 3331 1118 3395; x_wconf 64' lang='grc' dir='ltr'><strong><em>τοὺς</em></strong></span> 
     </span>
     <span class='ocr_line' id='line_1_45' title="bbox 136 3402 1119 3479; baseline -0.003 -19"><span class='ocrx_word' id='word_1_334' title='bbox 136 3404 278 3476; x_wconf 79' lang='grc' dir='ltr'><strong><em>παρόντας</em></strong></span> <span class='ocrx_word' id='word_1_335' title='bbox 288 3404 376 3473; x_wconf 79' lang='grc' dir='ltr'><strong><em>εἶπεν,</em></strong></span> <span class='ocrx_word' id='word_1_336' title='bbox 395 3402 440 3462; x_wconf 81' lang='grc' dir='ltr'>ὅτι</span> <span class='ocrx_word' id='word_1_337' title='bbox 455 3408 504 3463; x_wconf 78' lang='grc' dir='ltr'><strong><em>ναὶ</em></strong></span> <span class='ocrx_word' id='word_1_338' title='bbox 518 3405 553 3476; x_wconf 84' lang='grc' dir='ltr'>δὴ</span> <span class='ocrx_word' id='word_1_339' title='bbox 566 3409 728 3475; x_wconf 73' lang='grc' dir='ltr'><strong><em>περαίνεται</em></strong></span> <span class='ocrx_word' id='word_1_340' title='bbox 745 3410 777 3462; x_wconf 86' lang='grc' dir='ltr'>τὸ</span> <span class='ocrx_word' id='word_1_341' title='bbox 795 3413 903 3479; x_wconf 84' lang='grc' dir='ltr'><strong><em>χρῆμα,</em></strong></span> <span class='ocrx_word' id='word_1_342' title='bbox 922 3407 971 3461; x_wconf 76' lang='grc' dir='ltr'><strong><em>καὶ</em></strong></span> <span class='ocrx_word' id='word_1_343' title='bbox 989 3404 1119 3458; x_wconf 79' lang='grc' dir='ltr'><strong><em>συνίασιν</em></strong></span> 
     </span>
    </p>
   </div>
   <div class='ocr_carea' id='block_1_4' title="bbox 136 3466 1114 3619">
    <p class='ocr_par' dir='ltr' id='par_1_4' title="bbox 136 3466 1114 3619">
     <span class='ocr_line' id='line_1_46' title="bbox 136 3466 1113 3548; baseline -0.006 -20"><span class='ocrx_word' id='word_1_344' title='bbox 136 3474 178 3537; x_wconf 77' lang='grc' dir='ltr'>εἰς</span> <span class='ocrx_word' id='word_1_345' title='bbox 195 3474 276 3545; x_wconf 77' lang='grc' dir='ltr'><strong><em>ἔργον</em></strong></span> <span class='ocrx_word' id='word_1_346' title='bbox 295 3473 325 3531; x_wconf 76' lang='grc' dir='ltr'>οἷ</span> <span class='ocrx_word' id='word_1_347' title='bbox 340 3473 451 3544; x_wconf 75' lang='grc' dir='ltr'>ἄνδρες.</span> <span class='ocrx_word' id='word_1_348' title='bbox 477 3466 567 3539; x_wconf 71' lang='grc' dir='ltr'>Αὖθις</span> <span class='ocrx_word' id='word_1_349' title='bbox 586 3475 617 3532; x_wconf 69' lang='grc' dir='ltr'>δὲ</span> <span class='ocrx_word' id='word_1_350' title='bbox 633 3473 705 3546; x_wconf 80' lang='grc' dir='ltr'><strong><em>πρὸς</em></strong></span> <span class='ocrx_word' id='word_1_351' title='bbox 722 3479 756 3548; x_wconf 81' lang='grc' dir='ltr'>τῇ</span> <span class='ocrx_word' id='word_1_352' title='bbox 771 3479 827 3534; x_wconf 75' lang='grc' dir='ltr'><strong><em>θέα</em></strong></span> <span class='ocrx_word' id='word_1_353' title='bbox 845 3472 1000 3547; x_wconf 80' lang='grc' dir='ltr'><strong><em>γενόμενος,</em></strong></span> <span class='ocrx_word' id='word_1_354' title='bbox 1019 3472 1113 3526; x_wconf 71' lang='lat' dir='ltr'>natea</span> 
     </span>
     <span class='ocr_line' id='line_1_47' title="bbox 138 3532 1114 3619; baseline -0.003 -22"><span class='ocrx_word' id='word_1_355' title='bbox 138 3552 239 3613; x_wconf 75' lang='grc' dir='ltr'><strong><em>σημεῖα</em></strong></span> <span class='ocrx_word' id='word_1_356' title='bbox 258 3542 381 3600; x_wconf 69' lang='grc' dir='ltr'><strong><em>κατιδών</em></strong></span> <span class='ocrx_word' id='word_1_357' title='bbox 399 3542 521 3612; x_wconf 79' lang='grc' dir='ltr'><strong><em>οἷνήλατο</em></strong></span> <span class='ocrx_word' id='word_1_358' title='bbox 537 3543 595 3613; x_wconf 72' lang='grc' dir='ltr'>μετ’</span> <span class='ocrx_word' id='word_1_359' title='bbox 611 3532 820 3616; x_wconf 68' lang='grc' dir='ltr'><strong><em>ἐνθουσιασμοῧ</em></strong></span> <span class='ocrx_word' id='word_1_360' title='bbox 836 3547 925 3619; x_wconf 79' lang='grc' dir='ltr'><strong><em>βοῶν,</em></strong></span> <span class='ocrx_word' id='word_1_361' title='bbox 955 3534 1114 3619; x_wconf 53' lang='lat' dir='ltr'>„Neutro</span> 
     </span>
    </p>
   </div>
   <div class='ocr_carea' id='block_1_5' title="bbox 0 0 1330 4017">
    <p class='ocr_par' dir='ltr' id='par_1_5' title="bbox 0 0 1330 4017">
     <span class='ocr_line' id='line_1_48' title="bbox 0 0 1330 4017; baseline 0 0"><span class='ocrx_word' id='word_1_362' title='bbox 0 0 1330 4017; x_wconf 95' lang='lat' dir='ltr'> </span> 
     </span>
    </p>
   </div>
  </div>
 </body>
</html>
