2642 4017
225 275 287 340 tto
397 277 513 337 ossan
526 277 600 337 xor.
623 276 1042 356 sar.1s.1o.p.u.0.sro]

222 432 276 493 titi.
297 430 386 491 Pisae
401 430 453 491 cn.
466 430 616 504 cornelio,
630 429 760 504 Ligures
770 429 886 489 Petillio
901 429 1100 491 obvenerunt.
1118 447 1206 507 prae·

220 523 304 577 tores
323 515 357 573 L.
372 511 512 588 Papirius
529 512 618 574 Maso
633 512 797 588 urbanam,
817 511 858 572 Μ.
872 510 1008 574 Aburius
1025 512 1104 575 inter
1118 531 1207 590 pere·

153 628 154 633 κ
220 598 325 675 grinos
345 598 442 659 sortiti
464 604 544 658 sunt.
569 597 610 657 ll.
626 595 785 658 cornelius
801 594 906 671 Scipio
920 596 1141 673 Maluginensis
1154 599 1207 659 Hi·
1318 630 1320 683 q

221 683 362 759 spaniam
382 682 570 756 ulteriorem,
592 681 626 739 L.
640 679 796 755 Aquillius
812 680 917 741 Gallus
939 678 1074 741 Siciliam
1092 680 1208 744 habuit.

221 768 283 829 duo
298 765 455 841 deprecati
470 773 549 841 sunt,
565 781 605 825 ne
618 766 649 825 in
664 764 841 839 provincias
855 765 942 839 ueni,
956 764 998 824 Μ.
1012 764 1160 841 Popillius
1175 767 1206 826 in

143 890 147 901 ι
221 849 409 913 Sardiniams
431 848 602 911 Gracchum
615 865 687 915 eum
699 846 888 923 provinciam
903 862 1032 926 pacare,
1053 855 1084 910 et
1097 850 1130 910 T.
1145 852 1206 910 Ae-

219 936 337 997 butium
350 940 524 1009 praetorem
538 932 710 994 adiutorem
724 932 763 993 ab
779 941 889 993 senatu
902 933 1007 994 datum
1018 949 1100 994 esse
1114 934 1206 995 inter·

219 1017 320 1094 rumpi
342 1024 478 1079 tenorem
496 1032 615 1092 rerum,
636 1017 667 1076 in
690 1017 802 1092 quibus
817 1017 1003 1092 peragendis
1018 1017 1209 1089 continuatio,

220 1102 290 1178 ipsa
304 1101 520 1162 efficacissima
533 1106 626 1176 esset,
642 1099 766 1160 minime
781 1101 956 1161 convenire.
977 1098 1056 1162 inter
1069 1102 1206 1163 traditio·

221 1201 289 1246 nem
313 1184 433 1261 imperii
453 1184 680 1261 nentatemque
699 1184 909 1257 successoris,
936 1200 1017 1260 quae
1036 1186 1205 1247 noscendis

219 1270 306 1346 prius
328 1284 419 1344 quam
440 1267 569 1344 agendis
582 1269 677 1329 rebus
691 1268 856 1329 imbuenda
872 1268 926 1343 sit,
947 1283 1044 1345 saepe
1059 1268 1138 1331 bene
1152 1284 1206 1345 ge-

219 1354 335 1413 rendae
354 1352 400 1412 rei
415 1351 598 1413 occasiones
614 1349 807 1413 intercidere.
833 1350 963 1428 probata
974 1351 1095 1429 Popillii
1110 1368 1205 1414 excu-

219 1437 298 1498 satio
314 1444 371 1498 est.
397 1434 429 1494 P.
445 1434 580 1496 licinius
595 1435 727 1496 Crassus
749 1434 911 1496 sacrificiis
931 1451 967 1497 se
986 1437 1127 1512 impediri
1142 1439 1204 1498 sol-

218 1519 370 1581 lemnibus
385 1519 563 1592 excusabat,
579 1536 618 1580 ne
628 1518 659 1580 in
672 1518 862 1595 provinciam
873 1520 938 1581 iret.
960 1520 1083 1582 citerior
1092 1520 1204 1597 llispa-

218 1602 270 1664 nia
294 1604 471 1664 obvenerat.
507 1610 641 1664 ceterum
666 1610 719 1665 aut
738 1604 782 1663 ire
805 1604 926 1677 iussus,
952 1610 1004 1664 aut
1023 1605 1125 1665 iurare
1145 1622 1204 1682 pro
1235 1676 1239 1683 ‚

220 1687 364 1748 contione
384 1686 525 1746 sollemni
539 1687 692 1748 sacrificio
708 1702 743 1747 se
757 1686 922 1762 prohiberi.
950 1687 983 1747 id
996 1687 1049 1749 ubi
1063 1689 1094 1747 in
1108 1686 1141 1747 P.
1154 1689 1210 1748 Li-.

219 1771 299 1832 cinio
314 1768 357 1830 ita
369 1776 514 1831 statutum
528 1778 584 1844 est,
602 1778 633 1831 et
642 1771 682 1830 ab
697 1786 733 1831 se
746 1771 790 1831 uti
803 1770 1014 1832 iusiurandum
1027 1772 1204 1848 acciperent
1319 1820 1320 1831 ,

217 1853 257 1914 Μ.
276 1854 434 1916 Cornelius
451 1855 632 1929 postulavit,
654 1869 694 1914 ne
706 1854 738 1914 iu
752 1853 930 1930 Hispaniam
946 1855 1122 1916 ulteriorem
1136 1856 1203 1917 iret
1319 1858 1320 1915 ἒ

220 1944 377 2015 praetores
401 1938 491 1999 ambo
512 1938 542 1997 in
560 1938 668 1999 eadem
689 1937 785 1998 verba
797 1939 944 1999 iurarunt.
975 1937 1017 1998 Μ.
1031 1939 1158 2000 Titinius
1174 1947 1202 2002 et

217 2024 250 2084 T.
265 2022 411 2085 Fonteius
431 2024 637 2098 proconsules
651 2037 777 2083 manere
792 2038 862 2083 cum
876 2022 986 2083 eodem
1000 2022 1119 2097 imperii
1136 2022 1204 2085 iure
1318 2090 1319 2093 Ἴ

218 2107 248 2168 in
262 2107 412 2183 Hispania
431 2104 523 2177 iussi;
554 2112 584 2166 et
603 2111 637 2166 ut
655 2105 686 2165 in
707 2107 954 2182 supplementum
975 2105 1023 2166 his
1043 2106 1101 2166 tria
1121 2105 1204 2168 milia
1318 2100 1319 2159 l

218 2191 330 2252 civium
339 2192 547 2253 Romanorum
563 2206 633 2251 cum
643 2188 797 2266 equitibus
804 2188 959 2265 ducentis,
974 2189 1111 2267 quinque
1121 2191 1204 2251 milia

219 2276 336 2336 socium
348 2275 446 2336 Latini
460 2274 593 2337 nominis
607 2281 638 2335 et
650 2273 779 2336 trecenti
790 2274 911 2350 equites
924 2274 1121 2336 mitterentur.

301 2359 380 2419 XVI.
403 2359 529 2420 Latinae
549 2359 643 2419 leriae
664 2359 749 2419 luere
768 2364 840 2419 ante
861 2355 942 2418 diem
961 2358 1082 2418 tertium
1103 2374 1202 2421 nonas

217 2441 323 2518 Maias,
339 2443 370 2502 in
386 2443 497 2519 quibus
510 2442 582 2515 quia
593 2442 624 2501 in
636 2458 697 2502 una
705 2439 808 2504 hostia
818 2441 1013 2517 magistratus
1023 2442 1202 2504 Lanuvinus
1317 2466 1318 2489 ³

217 2533 360 2601 precatus
373 2540 435 2585 non
449 2530 516 2584 erat
525 2526 642 2599 populo
653 2525 793 2586 Romano
804 2525 969 2602 Quiritium,
984 2526 1123 2602 religioni
1136 2528 1201 2588 luit.

217 2609 248 2668 id
263 2624 331 2669 cum
349 2607 389 2667 ad
403 2614 543 2668 senatum
563 2608 692 2668 relatum
713 2615 798 2669 esset
817 2616 1007 2686 senatusque
1023 2609 1064 2670 ad
1077 2611 1200 2687 pontifi·

218 2707 287 2751 cum
313 2688 474 2764 collegium
499 2688 673 2763 reiecisset,
699 2692 912 2766 pontificibus,
939 2695 1010 2769 quia
1034 2711 1096 2756 non
1118 2702 1202 2755 recte

218 2774 316 2836 iactae
329 2773 454 2834 Latinae
475 2782 594 2848 essent,
616 2774 793 2837 instauratis
807 2774 923 2838 Latinis
943 2778 1058 2853 placuit
1069 2777 1201 2840 Lanuvi-

216 2873 291 2932 nos,
309 2872 440 2933 quorum
455 2874 553 2935 opera
567 2858 753 2921 instauratae
767 2868 886 2935 essent,
907 2859 1027 2922 hostias
1040 2862 1201 2938 praebere.

217 2949 393 3003 accesserat
412 2941 452 3002 ad
472 2941 652 3019 religionem
675 2944 759 3019 quod
780 2944 832 3005 Cn.
855 2943 1014 3006 Cornelius
1035 2947 1143 3006 consul
1161 2960 1201 3008 ex
1314 2984 1315 2995 .

216 3025 577 3088 monteAlbanorediens
584 3026 726 3103 concidit,
734 3033 858 3104 etparte
866 3028 1072 3090 membrorum
1080 3036 1200 3106 captus,

217 3108 256 3168 ad
271 3109 380 3184 Aquas
392 3109 543 3171 Cumanas
558 3111 716 3186 proiectus
730 3112 964 3187 ingravescente
976 3113 1084 3174 morbo
1099 3113 1201 3175 curnis
1314 3090 1316 3169 ἶ

217 3190 360 3252 decessit.
385 3193 441 3253 sed
455 3193 527 3254 inde
541 3202 679 3256 mortuus
693 3197 821 3256 Romam
837 3196 958 3257 adlatus
972 3202 1004 3257 et
1016 3197 1124 3259 funere
1138 3214 1201 3258 ma·

217 3274 329 3350 gnifico
345 3275 443 3338 elatus
457 3278 659 3355 sepultusque
673 3286 731 3340 est
753 3279 891 3354 pontifex
905 3279 987 3340 idem
998 3281 1105 3342 luerat.
1127 3298 1201 3342 con·

217 3362 266 3421 sul
281 3359 313 3435 Q.
325 3359 460 3423 Petillios
476 3377 544 3422 cum
560 3361 689 3437 primum
703 3378 761 3438 per
773 3362 915 3439 auspicia
928 3372 1046 3440 posset,
1063 3364 1201 3440 collegae

216 3442 415 3521 subrogando
431 3444 553 3506 comitia
566 3444 681 3506 habere
693 3445 799 3509 iussus
814 3454 845 3507 et
858 3447 982 3510 Latintu
996 3449 1128 3522 edicere,
1147 3464 1200 3510 co=
1220 3451 1221 3455 ’

217 3527 300 3589 mitia
313 3529 343 3588 in
359 3529 522 3590 antediem
537 3529 656 3591 tertium
672 3546 771 3592 notras
786 3529 933 3605 Sextiles,
947 3530 1071 3594 Latinas
1084 3532 1115 3593 in
1129 3539 1201 3594 ante
1314 3610 1315 3627 ἵ
