2642 4017
207 186 271 251 aaa
394 185 510 246 amna
524 185 615 245 xm.
638 185 721 245 cnr.
736 193 780 247 ao.
802 191 839 258 [a.
853 190 998 259 umens]

210 335 426 413 triumphatum
447 351 547 411 nuper
567 335 607 395 de
621 333 762 410 Philippo
777 340 864 409 patre
878 333 970 396 huius
985 340 1016 395 et
1029 334 1069 394 de
1083 334 1193 395 Antio-

209 422 268 481 cho
288 424 366 481 est.“
394 419 526 479 xltxlit
549 418 665 493 „ambo
679 418 864 493 regnabant,
887 433 957 478 oum
977 418 1018 478 de
1031 417 1069 479 iis
1085 418 1193 479 trium·

208 503 334 580 phalam
345 510 401 564 est
414 503 454 563 de
460 503 574 563 Perseo
587 507 687 577 capto,
700 502 732 561 in
743 501 850 564 urbem
861 517 931 562 cum
940 501 1046 562 liberis
1054 501 1190 564 abducto

208 604 271 649 non
289 585 543 662 uiumphaoitura
569 585 682 660 quodsi
700 586 732 644 iu
756 601 848 647 curru
867 585 1053 646 scandentes
1068 584 1192 661 Capito-

208 672 290 746 lium,
312 678 436 732 aurntos
451 674 709 746 purpuratosque,
725 685 765 729 ex
779 668 924 730 interiore
937 669 1008 730 loco
1023 668 1057 731 L.
1072 667 1191 731 Paulus

207 755 238 815 in
257 754 346 817 turba
365 761 537 828 togatorum
551 768 632 812 unus
646 752 784 827 privatus
797 750 964 827 interroget
983 752 1063 828 „„L.
1084 751 1185 826 Anici,

208 839 260 899 cn.
269 837 384 911 Octavi,
395 845 559 899 ulrumvos
567 833 723 911 digniores
730 835 882 910 triumpho
893 849 965 896 esse
976 852 1015 895 an
1022 851 1071 895 me
1078 851 1188 897 cense-

208 923 319 983 tist““
339 936 462 982 cunum
478 920 507 979 ei
518 919 638 979 cessuri
649 925 680 980 et
690 934 765 994 prae
775 919 896 995 pudore
905 918 1046 980 videntur
1055 919 1190 994 insignia

208 1005 269 1080 ipsi
289 1020 348 1065 sua
367 1002 515 1063 traditrui.
538 1006 569 1061 et
588 1018 646 1063 vos
669 1002 809 1063 Gentium
829 1018 922 1078 quam
940 1001 1055 1064 Persea
1069 1001 1142 1064 duci
1156 1004 1189 1063 in

206 1085 359 1162 triumpho
374 1085 525 1160 mavultis,
548 1084 688 1160 Quirites,
704 1092 734 1147 et
748 1087 788 1146 de
802 1086 984 1147 accessione
998 1086 1100 1161 potius
1114 1086 1189 1147 belli

208 1186 300 1246 quam
315 1171 355 1230 de
369 1169 449 1230 bello
464 1167 665 1244 uiumpharte
685 1176 715 1229 et
728 1170 867 1245 legiones
878 1185 919 1229 ex
932 1169 1055 1248 Illyrico
1066 1172 1188 1232 laurea-

208 1260 256 1314 tae
270 1254 376 1314 urbem
391 1251 508 1313 inibunt
518 1258 548 1313 et
561 1255 688 1314 navales
703 1253 796 1314 sociiz
816 1253 1035 1315 Macedonicae
1046 1254 1186 1329 legiones

207 1354 265 1398 suo
282 1338 430 1412 abrogato
444 1336 616 1412 triumphos
630 1338 749 1399 alienos
760 1337 964 1413 spectabunta
986 1335 1061 1413 quid
1072 1337 1187 1399 deinde

207 1428 267 1482 tam
282 1420 403 1497 opimae
418 1420 562 1496 praedae,
578 1427 639 1480 lam
654 1422 818 1496 opulentae
832 1419 978 1481 victoriae
991 1421 1100 1497 spoliis
1114 1421 1189 1482 licta

205 1521 342 1580 quonam
361 1503 511 1565 abdentur
531 1504 582 1564 illa
602 1509 647 1564 tot
660 1504 742 1565 milia
757 1520 910 1565 minorum
925 1504 1061 1565 detracta
1075 1520 1187 1580 eorpo-

205 1588 290 1649 ribus
304 1588 459 1649 hostium?
473 1603 513 1647 an
526 1587 557 1647 in
568 1586 780 1649 Macedoniarn
794 1585 1003 1650 remittentur?
1024 1603 1086 1663 quo
1098 1588 1187 1663 signa

207 1687 308 1744 aurea,
321 1686 499 1745 marmorea,
515 1671 660 1744 eburnea,
676 1671 796 1733 tabulae
807 1672 917 1747 plotae,
930 1669 1055 1745 textilia,
1072 1678 1186 1733 tantum

205 1753 323 1830 argenti
334 1753 450 1827 caelati,
464 1760 580 1815 tantum
589 1754 665 1828 auri,
677 1761 759 1817 tanta
769 1755 902 1831 pecunia
911 1756 1017 1830 reglat
1031 1772 1070 1816 an
1082 1762 1184 1829 noctu,

206 1844 361 1914 tamquam
376 1837 495 1911 imtiva,
510 1837 541 1897 in
553 1839 704 1899 aerarium
716 1838 977 1914 deportabuntur
994 1837 1090 1914 quida
1111 1839 1186 1900 illud

205 1921 415 1998 spectaculum
436 1920 615 1996 maximum,
641 1921 851 1983 nobilissimus
872 1922 1186 1998 opulentissimusque

205 2022 261 2067 rex
276 2012 395 2082 captus,
417 2004 469 2066 ubi
482 2005 591 2066 victori
605 2008 721 2081 populo
737 2007 938 2068 ostendetur?
960 2021 1039 2081 quos
1055 2004 1185 2085 Syphax

204 2106 260 2151 rex
276 2097 394 2167 captus,
411 2089 550 2150 accessio
566 2087 673 2150 Punici
684 2089 763 2163 belli,
780 2105 950 2150 concursus
962 2088 1077 2160 lecerit,
1093 2089 1183 2166 pleri-

206 2190 267 2249 que
277 2174 479 2235 meminimus.
496 2172 629 2234 Perseus
640 2189 698 2234 rex
709 2179 826 2249 captus,
838 2171 998 2250 Philippus
1009 2173 1184 2235 etAlexan-

205 2257 262 2318 der
275 2258 328 2318 lilii
342 2258 434 2333 regis,
449 2263 532 2318 tanta
546 2257 678 2332 uomina,
695 2257 909 2319 subtrahentur
923 2256 1053 2318 eivitads
1065 2257 1184 2319 oculis?

204 2340 308 2415 ipsum
332 2342 364 2400 L.
389 2341 529 2415 Paulum,
554 2341 601 2401 his
627 2343 799 2414 consulem,
826 2340 1006 2403 domitorem
1028 2339 1182 2415 Graeciae,

205 2425 341 2485 omniurn
353 2423 434 2484 oculi
446 2423 627 2498 conspicere
634 2424 739 2484 urbem
749 2441 841 2485 curru
850 2424 1069 2500 ingredientem
1076 2433 1182 2486 events

204 2507 325 2567 adhoc
346 2505 475 2566 lecimus
497 2506 671 2581 consulem,
693 2513 727 2568 ut
747 2508 859 2567 bellum
881 2524 937 2585 per
951 2508 1183 2584 quadriennium

204 2587 319 2663 ingenti
339 2588 429 2648 etiam
449 2588 569 2663 pudore
589 2595 696 2650 nostro
716 2596 844 2652 tractum
858 2592 1028 2669 perficeret.
1052 2592 1100 2652 eui
1115 2607 1182 2653 sor-

204 2672 258 2733 tito
278 2670 483 2746 provinciam,
506 2671 555 2732 oui
569 2672 777 2748 proficiscenti
791 2674 1058 2752 praesagientibus
1073 2675 1180 2736 animis

204 2754 362 2816 victoriam
382 2754 629 2833 triumphumque
649 2758 886 2835 destinavimus,
913 2760 941 2819 ei
959 2759 1066 2820 victori
1081 2759 1179 2820 trium-

203 2839 298 2915 phum
313 2838 473 2915 negaturis
493 2848 524 2902 et
538 2841 664 2917 quidem
678 2859 740 2902 non
754 2842 894 2904 homines
907 2848 1023 2904 tantum
1036 2843 1093 2903 sed
1104 2844 1181 2902 deos

204 2921 293 2983 etiam
308 2939 365 2985 suo
380 2924 497 2986 honore
513 2926 702 2987 fraudaturi?
722 2925 782 2986 diis
798 2942 923 3002 quoque
938 2926 1033 3001 enim,
1053 2941 1115 2986 non
1131 2941 1180 2986 so·

203 3007 266 3067 lum
276 3007 450 3070 hominihus
462 3010 591 3071 debetur
600 3009 782 3086 triumphus.
798 3010 929 3071 maiores
942 3011 1036 3070 vestri
1047 3008 1180 3070 omnium

203 3106 381 3165 magnarum
394 3108 496 3153 rerum
511 3100 542 3152 et
554 3092 707 3169 principia
722 3094 825 3155 exorsi
840 3092 878 3152 ab
894 3093 953 3153 diis
964 3099 1036 3154 sunt
1049 3099 1080 3153 et
1090 3092 1181 3153 finem

203 3180 381 3235 statuerunt.
410 3175 518 3236 consul
533 3175 736 3251 proficiscens
752 3182 913 3253 praetorve
926 3177 1080 3252 paludatis
1095 3176 1179 3236 licto-

202 3258 289 3319 ribus
308 3258 339 3318 in
363 3258 550 3337 provinciam
571 3268 602 3321 et
621 3261 661 3319 ad
683 3260 796 3321 bellum
809 3268 881 3321 vota
895 3258 926 3320 in
942 3259 1090 3337 Capitolio
1105 3274 1180 3320 nun·

203 3348 310 3417 cupels
334 3341 432 3402 victor
451 3349 626 3417 perpetrato
648 3344 758 3404 eodem
778 3344 807 3403 in
830 3342 976 3419 capitolio
990 3343 1181 3418 triumphans

203 3423 244 3482 ad
264 3426 389 3487 eosdem
412 3425 503 3501 deos,
530 3422 641 3500 quibus
658 3432 729 3486 vota
748 3428 948 3502 nuncupavit,
973 3427 1079 3488 merita
1100 3427 1182 3488 dona
