2642 4017
226 281 283 324 vm
656 262 685 312 T·
704 262 782 313 nvn

227 417 291 467 adeo
304 416 370 466 laeta
386 423 445 466 exta
460 414 601 465 immolanti
616 413 697 464 inisse
705 415 792 465 scribit
800 416 899 478 Livius,
916 422 1216 473 utcustodirisel’ostu·

227 487 293 536 mlus
310 484 438 550 haruspex
453 484 570 544 voluerit,
589 483 681 547 capitis
698 484 852 548 supplicium
864 488 1003 550 subiturus,
1022 490 1072 540 nisi
1085 505 1126 551 ea,
1145 508 1216 555 quae

226 557 252 605 in
270 555 356 604 animo
375 553 447 604 Sulla
464 553 582 612 baberet,
599 552 649 602 diis
667 552 811 603 iuvantibus
828 554 994 620 implevisset
1022 559 1160 623 Angustia.
1182 563 1216 611 de

226 624 276 675 cio.
296 624 346 673 Del
360 622 400 688 11,
418 620 460 673 Ἃ
489 622 530 686 Gs.
549 619 678 671 Putares.
698 619 761 670 Sall.
779 637 837 685 cop.
855 620 882 676 9.

553 690 568 725 ¹*
585 694 639 744 Ex.
656 693 701 748 lib.
720 694 881 746 LXXXIII.

279 773 311 823 tr)
332 765 432 815 liversis
450 765 544 829 quippe
561 773 586 812 et
607 765 716 813 incensis
739 765 857 814 omnibus
873 780 931 815 eum
949 767 1044 832 oppido
1062 768 1213 820 simulacris

225 835 310 886 solum
322 834 448 885 Minervae
464 832 626 882 simulacrum
644 832 691 882 sub
708 839 780 883 tauta
797 833 870 883 urina
884 836 972 900 templi
983 835 1060 897 illius,
1080 845 1107 886 nt
1120 840 1213 889 scribit

226 905 320 967 Livius,
340 905 466 967 integrum
483 903 584 951 stetisse
600 901 755 966 perbihetur.
783 902 917 968 Angustia.
935 904 968 954 de
983 906 1034 957 Oia.
1045 907 1096 956 Dei
1112 906 1169 971 III,
1185 905 1210 961 7,

226 975 264 1036 Os.
285 971 438 1022 Freinshem.
457 969 582 1032 Supplear.
601 986 658 1032 cup.
674 966 700 1021 7.

603 1035 618 1069 *
635 1039 682 1087 Ex
699 1039 742 1093 lib.
762 1038 832 1089 XCI.

278 1114 311 1168 ts)
332 1107 407 1157 Nocte
423 1115 506 1156 tumen
524 1107 667 1169 insequenti
682 1108 740 1172 ipso
756 1107 923 1174 pervigilante
942 1111 968 1158 in
982 1110 1071 1161 eodem
1089 1110 1146 1161 loco
1156 1112 1209 1162 alia

225 1178 336 1228 excitata
352 1176 430 1229 turris
447 1176 530 1240 prima
547 1175 603 1225 luce
620 1177 741 1226 miraculo
758 1176 875 1227 hostibus
891 1176 948 1230 luit.
978 1179 1056 1229 simul
1075 1188 1100 1231 et
1116 1182 1209 1246 oppidi

225 1247 311 1306 turris,
329 1259 394 1309 quae
409 1246 547 1294 maximum
560 1245 780 1312 propugnaculum
790 1245 881 1306 luerat,
899 1247 1011 1297 subrutis
1023 1248 1210 1315 fundamentis,

225 1316 357 1366 debiscere
367 1315 512 1380 ingentibus
523 1315 602 1378 umis,
621 1323 646 1365 et
661 1323 716 1364 tum
731 1315 891 1380 conflagrare
901 1317 1006 1366 inmisso
1023 1319 1122 1381 socium
1143 1320 1209 1383 igni,

225 1385 323 1451 coepit3
348 1383 509 1447 incendiiqus
530 1383 607 1433 simui
626 1391 651 1433 et
666 1384 754 1433 ruinae
775 1392 844 1434 metu
867 1385 946 1434 territi
964 1384 1157 1437 Contrebienses
1174 1389 1209 1438 de

225 1470 298 1505 muro
315 1453 409 1519 trepidi
427 1453 584 1519 refugerunt3
603 1460 637 1517 et,
656 1460 684 1501 ut
702 1451 780 1518 legati
792 1454 948 1504 mitterentur
962 1454 995 1504 ad
1006 1456 1150 1506 dedendam
1162 1472 1208 1506 ur-

225 1527 292 1585 bem,
311 1524 342 1573 ab
355 1524 475 1573 universa
487 1521 646 1571 multitudine
658 1521 842 1572 conclamatum
854 1530 902 1572 est.
930 1523 1019 1573 eadem
1031 1527 1120 1583 virtm,
1139 1540 1207 1588 quae

224 1595 350 1644 irritantes
369 1598 566 1657 oppugnaverat,
583 1590 704 1641 victorem
721 1589 909 1655 placabiliorem
921 1593 990 1643 lecit.
1019 1594 1151 1644 obsidibus
1162 1610 1207 1645 ac·

224 1662 305 1727 ceptis
322 1662 446 1726 pecuniae
464 1661 590 1710 modicam
607 1661 693 1724 exegit
710 1674 843 1720 summam,
861 1675 981 1724 armaque
1000 1663 1084 1712 omnia
1098 1664 1206 1713 ademit.

223 1729 371 1794 transfugas
394 1728 487 1778 liberos
509 1731 581 1779 vivos
605 1729 639 1778 ad
661 1742 690 1778 se
707 1727 800 1778 adduci
823 1730 911 1779 iussit:
934 1728 1071 1796 fugitivos,
1096 1747 1206 1794 quorum

224 1799 305 1849 maior
321 1797 455 1848 multitudo
472 1805 539 1859 erat,
564 1799 628 1862 ipsis
647 1797 794 1862 imperavit,
816 1807 844 1847 ut
865 1798 1041 1849 interficerent.
1076 1799 1206 1865 iugulatos

223 1869 255 1920 de
273 1881 345 1917 muro
363 1866 515 1918 deiecerunt.

277 1935 340 1986 Cum
352 1950 445 2003 magna
455 1936 550 1986 iactura
561 1935 672 1985 militum
689 1941 806 1997 quattuor
819 1943 843 1985 st
855 1935 1025 2002 quadraginta
1036 1937 1126 1987 diebus
1138 1936 1204 1987 Gun-

224 2007 303 2058 trebia
326 2012 487 2072 expugnata,
509 2004 647 2068 relictoque
671 2004 706 2053 ibi
730 2003 761 2054 L.
778 2003 871 2053 Insteio
892 2019 945 2053 euru
962 2005 1046 2054 solido
1061 2006 1204 2068 praesidio,

224 2091 280 2143 ipsc
299 2076 331 2126 ad
344 2075 464 2126 Hiberum
481 2074 575 2124 flumen
592 2073 681 2138 copias
694 2072 809 2124 adduxit.
835 2072 870 2121 ibi
884 2072 1052 2124 hibernaculis
1062 2075 1205 2125 seeundum

224 2146 355 2213 oppidum,
374 2146 443 2208 quod
453 2143 540 2194 Castra
555 2142 630 2193 Aelia
648 2150 758 2201 vocatur,
777 2140 916 2191 aedificatis
933 2144 1031 2207 ipsein
1049 2145 1137 2193 castris
1149 2158 1204 2193 ma-

222 2217 310 2268 nebat:
338 2215 448 2265 interdiu
469 2218 620 2263 conventum
645 2211 770 2261 sociarum
789 2210 927 2260 civitatium
944 2211 971 2260 in
989 2211 1082 2276 oppido
1100 2212 1202 2277 agebat.

224 2299 295 2334 arma
316 2292 344 2334 ut
362 2283 450 2333 flerent
471 2296 516 2347 pro
534 2282 614 2347 copiis
638 2281 761 2343 cuiusque
782 2278 872 2344 populi
889 2294 935 2343 per
951 2286 1029 2329 totam
1046 2282 1203 2345 provinciam

223 2353 350 2410 edixerat;
375 2353 467 2413 quibus
486 2351 607 2417 inspectis
624 2348 718 2399 referre
736 2354 819 2397 cetera
837 2362 907 2397 arma
925 2348 1016 2398 milites
1035 2349 1118 2414 iussit,
1136 2363 1203 2411 quoe

223 2429 266 2471 aut
283 2420 414 2470 itineribus
432 2421 541 2480 crebris,
559 2429 603 2469 aut
621 2416 845 2484 oppupnotiom’bus
861 2423 887 2467 et
900 2419 1004 2479 proeliis
1020 2419 1117 2468 tractitia
1134 2417 1203 2468 lacta

224 2496 303 2550 erunt,
321 2502 436 2550 novaque
455 2488 517 2536 viris
533 2502 580 2552 per
596 2489 754 2537 centuriones
767 2486 862 2536 divisit.
893 2488 1031 2549 equitatum
1045 2501 1145 2550 quoque
1156 2502 1202 2537 no-

223 2560 262 2609 vis
281 2556 400 2607 instruxit
422 2555 515 2613 armis,
536 2557 737 2618 vestimentaque
752 2561 902 2620 praeparata
918 2563 977 2605 anta
995 2557 1089 2615 divisa,
1112 2563 1137 2606 et
1155 2557 1202 2606 sti·

223 2626 345 2692 pendium
357 2623 452 2675 datum.
472 2622 568 2683 fabros,
584 2639 645 2674 cura
656 2624 821 2688 conquisitos,
833 2624 946 2687 undique
959 2626 1096 2685 exciverat,
1108 2624 1201 2688 quibus

222 2693 324 2745 cilicina
341 2689 445 2757 publica
463 2691 575 2743 instituto
592 2700 720 2759 uteretur,
741 2694 839 2743 ratione
862 2694 939 2759 inita,
963 2694 1025 2756 quid
1042 2695 1068 2743 iu
1085 2693 1200 2760 singulos

221 2764 276 2813 dies
294 2760 361 2811 elllci
377 2761 467 2826 possit.
493 2762 577 2825 itaque
596 2763 681 2812 omnia
697 2761 773 2812 simul
784 2763 950 2812 instrumenta
962 2761 1021 2812 belli
1033 2763 1199 2827 parabantum

221 2845 302 2894 neque
326 2831 431 2881 materia
451 2831 590 2883 artificibus
611 2831 770 2898 praeparatis
792 2840 851 2881 aute
874 2832 990 2882 omuibus
1013 2832 1089 2881 enixo
1111 2831 1200 2883 civita·

220 2902 284 2950 tium
300 2901 395 2961 studio,
411 2915 458 2951 nec
471 2915 519 2951 suo
531 2901 638 2964 quisque
650 2902 721 2966 operi
733 2898 825 2950 urtiiex
836 2900 931 2950 deerat.
952 2901 1095 2951 convocatis
1109 2899 1201 2952 deindo

221 2970 332 3020 omnium
353 2969 506 3036 populorum
525 2969 694 3036 legationibus
713 2979 738 3020 et
753 2968 907 3030 civitatium,
927 2971 1023 3036 gratias
1040 2969 1102 3035 egit,
1120 2972 1198 3034 quod,

210 3054 286 3103 quae
299 3039 423 3103 imperata
438 3047 522 3090 essent
540 3041 565 3090 in
580 3041 712 3103 pedestres
727 3040 828 3101 coptus,
843 3041 1047 3101 praestitissent:
1065 3052 1129 3100 quas
1144 3040 1199 3104 ipse

220 3123 259 3158 res
275 3109 301 3157 in
317 3109 481 3171 defendendis
494 3111 579 3172 rodis,
598 3124 712 3172 quasque
730 3110 756 3157 in
771 3107 949 3173 oppugnandis
967 3107 1070 3158 urbibus
1088 3105 1199 3158 hostium

219 3178 354 3244 gessisset,
379 3180 512 3242 exposuit,
530 3188 554 3228 et
573 3178 606 3228 ad
624 3178 720 3241 reliqua
738 3176 798 3226 belli
815 3176 960 3227 cohortatus
976 3185 1015 3228 est
1030 3176 1120 3242 paucis
1139 3177 1199 3227 edo·

219 3255 289 3308 ctos,
312 3254 434 3309 quantum
449 3246 587 3312 Hispaniae
604 3247 750 3311 provinciae
768 3247 915 3307 interesset,
941 3260 1002 3296 suas
1020 3252 1106 3311 partes
1123 3260 1199 3310 supe·

219 3318 298 3367 riores
310 3330 374 3365 esse.
395 3315 500 3365 dimisso
514 3315 605 3365 deinde
623 3322 757 3375 conventu,
772 3314 899 3377 iussisque
913 3315 1030 3364 omnibns
1041 3316 1104 3364 bono
1118 3316 1199 3365 auimo

218 3386 373 3450 careatque
391 3385 417 3433 in
435 3384 550 3433 civitates
566 3382 649 3431 redire
666 3397 741 3444 suas,
766 3383 892 3448 principio
910 3382 977 3431 veris
993 3384 1027 3433 Μ.
1046 3383 1197 3448 Perpernam

218 3467 276 3504 oum
294 3453 384 3519 viginti
402 3452 504 3503 milibus
527 3450 657 3515 peditum,
680 3452 806 3512 equitibus
824 3450 895 3500 mille
913 3452 1071 3516 quingentis,
1095 3453 1120 3500 iu
1138 3451 1199 3500 ller-

219 3535 324 3570 caonum
343 3529 444 3587 gentem
462 3520 538 3580 misit,
558 3518 592 3567 ud
611 3519 731 3567 tuendum
748 3519 861 3584 regionis
879 3520 934 3568 cius
946 3520 1099 3569 maritimam
1111 3533 1197 3575 oram;
