<?xml version="1.0" encoding="UTF-8"?>
<!DOCTYPE html PUBLIC "-//W3C//DTD XHTML 1.0 Transitional//EN"
    "http://www.w3.org/TR/xhtml1/DTD/xhtml1-transitional.dtd">
<html xmlns="http://www.w3.org/1999/xhtml" xml:lang="en" lang="en">
 <head>
  <title>
</title>
<meta http-equiv="Content-Type" content="text/html;charset=utf-8" />
  <meta name='ocr-system' content='tesseract 3.04.00' />
  <meta name='ocr-capabilities' content='ocr_page ocr_carea ocr_par ocr_line ocrx_word'/>
</head>
<body>
  <div class='ocr_page' id='page_1' title='image "./aburbeconditali01mlgoog_0159.png"; bbox 0 0 2642 4017; ppageno 0'>
   <div class='ocr_carea' id='block_1_1' title="bbox 318 275 1082 350">
    <p class='ocr_par' dir='ltr' id='par_1_1' title="bbox 318 275 1082 350">
     <span class='ocr_line' id='line_1_1' title="bbox 318 275 1082 350; baseline 0.009 -15"><span class='ocrx_word' id='word_1_1' title='bbox 318 275 436 337; x_wconf 80' lang='lat' dir='ltr'><strong>LIBER</strong></span> <span class='ocrx_word' id='word_1_2' title='bbox 450 275 524 336; x_wconf 78' lang='lat' dir='ltr'><strong>xtl.</strong></span> <span class='ocrx_word' id='word_1_3' title='bbox 548 276 631 336; x_wconf 81' lang='lat' dir='ltr'><strong>cnP.</strong></span> <span class='ocrx_word' id='word_1_4' title='bbox 646 284 691 336; x_wconf 75' lang='lat'><strong>24.</strong></span> <span class='ocrx_word' id='word_1_5' title='bbox 711 283 749 349; x_wconf 88' lang='lat' dir='ltr'><strong>[a.</strong></span> <span class='ocrx_word' id='word_1_6' title='bbox 761 283 793 337; x_wconf 85' lang='lat' dir='ltr'><strong>C.</strong></span> <span class='ocrx_word' id='word_1_7' title='bbox 806 284 868 350; x_wconf 77' lang='lat'>174]</span> <span class='ocrx_word' id='word_1_8' title='bbox 1021 279 1082 342; x_wconf 72' lang='lat'><strong>125</strong></span> 
     </span>
    </p>
   </div>
   <div class='ocr_carea' id='block_1_2' title="bbox 90 425 1083 3521">
    <p class='ocr_par' dir='ltr' id='par_1_2' title="bbox 90 425 1083 3521">
     <span class='ocr_line' id='line_1_2' title="bbox 183 425 1082 505; baseline 0.004 -17"><span class='ocrx_word' id='word_1_9' title='bbox 183 427 291 488; x_wconf 85' lang='lat' dir='ltr'><strong>XXIV.</strong></span> <span class='ocrx_word' id='word_1_10' title='bbox 312 426 387 487; x_wconf 88' lang='lat' dir='ltr'><strong>Post</strong></span> <span class='ocrx_word' id='word_1_11' title='bbox 407 426 489 487; x_wconf 92' lang='lat' dir='ltr'><strong>hunc</strong></span> <span class='ocrx_word' id='word_1_12' title='bbox 502 425 622 497; x_wconf 87' lang='lat' dir='ltr'><strong>Archo,</strong></span> <span class='ocrx_word' id='word_1_13' title='bbox 646 426 739 487; x_wconf 86' lang='lat' dir='ltr'><strong>irater</strong></span> <span class='ocrx_word' id='word_1_14' title='bbox 752 425 904 488; x_wconf 81' lang='lat' dir='ltr'><strong>Xenarchi</strong></span> <span class='ocrx_word' id='word_1_15' title='bbox 921 430 1082 505; x_wconf 89' lang='lat' dir='ltr'><strong>praetoris,</strong></span> 
     </span>
     <span class='ocr_line' id='line_1_3' title="bbox 97 508 1083 584; baseline 0.002 -11"><span class='ocrx_word' id='word_1_16' title='bbox 97 514 141 575; x_wconf 88' lang='lat' dir='ltr'><strong>ita</strong></span> <span class='ocrx_word' id='word_1_17' title='bbox 155 510 310 573; x_wconf 87' lang='lat' dir='ltr'><strong>disseruit</strong></span> <span class='ocrx_word' id='word_1_18' title='bbox 346 508 522 584; x_wconf 75' lang='lat' dir='ltr'><strong>„difficilem</strong></span> <span class='ocrx_word' id='word_1_19' title='bbox 545 511 714 570; x_wconf 89' lang='lat' dir='ltr'><strong>orationem</strong></span> <span class='ocrx_word' id='word_1_20' title='bbox 729 509 906 572; x_wconf 82' lang='lat' dir='ltr'><strong>callicrates</strong></span> <span class='ocrx_word' id='word_1_21' title='bbox 923 511 1039 573; x_wconf 90' lang='lat' dir='ltr'><strong>etmihi</strong></span> <span class='ocrx_word' id='word_1_22' title='bbox 1054 522 1083 577; x_wconf 89' lang='lat' dir='ltr'><strong>et</strong></span> 
     </span>
     <span class='ocr_line' id='line_1_4' title="bbox 97 592 1082 671; baseline 0.001 -15"><span class='ocrx_word' id='word_1_23' title='bbox 97 596 256 668; x_wconf 88' lang='lat' dir='ltr'><strong>omnibus,</strong></span> <span class='ocrx_word' id='word_1_24' title='bbox 273 595 325 669; x_wconf 90' lang='lat' dir='ltr'><strong>qni</strong></span> <span class='ocrx_word' id='word_1_25' title='bbox 340 594 378 654; x_wconf 87' lang='lat' dir='ltr'><strong>ab</strong></span> <span class='ocrx_word' id='word_1_26' title='bbox 394 608 432 654; x_wconf 88' lang='lat' dir='ltr'><strong>eo</strong></span> <span class='ocrx_word' id='word_1_27' title='bbox 448 592 662 668; x_wconf 82' lang='lat' dir='ltr'><strong>dissentimus,</strong></span> <span class='ocrx_word' id='word_1_28' title='bbox 678 592 765 654; x_wconf 80' lang='lat' dir='ltr'><strong>lecit:</strong></span> <span class='ocrx_word' id='word_1_29' title='bbox 788 596 911 671; x_wconf 80' lang='lat' dir='ltr'><strong>agendo</strong></span> <span class='ocrx_word' id='word_1_30' title='bbox 927 596 1007 656; x_wconf 90' lang='lat' dir='ltr'><strong>enim</strong></span> <span class='ocrx_word' id='word_1_31' title='bbox 1021 598 1082 658; x_wconf 89' lang='lat' dir='ltr'><strong>Ro·</strong></span> 
     </span>
     <span class='ocr_line' id='line_1_5' title="bbox 97 677 1083 757; baseline 0.001 -17"><span class='ocrx_word' id='word_1_32' title='bbox 97 695 206 740; x_wconf 90' lang='lat' dir='ltr'><strong>manae</strong></span> <span class='ocrx_word' id='word_1_33' title='bbox 227 677 383 741; x_wconf 85' lang='lat' dir='ltr'><strong>societatis</strong></span> <span class='ocrx_word' id='word_1_34' title='bbox 405 691 531 738; x_wconf 84' lang='lat' dir='ltr'><strong>causant</strong></span> <span class='ocrx_word' id='word_1_35' title='bbox 544 677 627 752; x_wconf 86' lang='lat' dir='ltr'><strong>ipae,</strong></span> <span class='ocrx_word' id='word_1_36' title='bbox 649 679 853 753; x_wconf 78' lang='lat' dir='ltr'><strong>temptarique</strong></span> <span class='ocrx_word' id='word_1_37' title='bbox 866 685 898 739; x_wconf 90' lang='lat' dir='ltr'><strong>ct</strong></span> <span class='ocrx_word' id='word_1_38' title='bbox 911 679 1083 757; x_wconf 65' lang='lat' dir='ltr'><strong>oppugnari</strong></span> 
     </span>
     <span class='ocr_line' id='line_1_6' title="bbox 97 764 1082 840; baseline 0.002 -16"><span class='ocrx_word' id='word_1_39' title='bbox 97 764 230 825; x_wconf 89' lang='lat' dir='ltr'><strong>dicendo</strong></span> <span class='ocrx_word' id='word_1_40' title='bbox 247 778 339 838; x_wconf 88' lang='lat' dir='ltr'><strong>quam</strong></span> <span class='ocrx_word' id='word_1_41' title='bbox 354 775 444 821; x_wconf 87' lang='lat' dir='ltr'><strong>nemo</strong></span> <span class='ocrx_word' id='word_1_42' title='bbox 455 776 557 837; x_wconf 84' lang='lat' dir='ltr'><strong>neque</strong></span> <span class='ocrx_word' id='word_1_43' title='bbox 569 768 697 837; x_wconf 89' lang='lat' dir='ltr'><strong>temptat</strong></span> <span class='ocrx_word' id='word_1_44' title='bbox 711 776 812 838; x_wconf 88' lang='lat' dir='ltr'><strong>neque</strong></span> <span class='ocrx_word' id='word_1_45' title='bbox 825 771 993 840; x_wconf 72' lang='lat' dir='ltr'><strong>oppugnat,</strong></span> <span class='ocrx_word' id='word_1_46' title='bbox 1009 764 1082 825; x_wconf 82' lang='lat' dir='ltr'><strong>elle-</strong></span> 
     </span>
     <span class='ocr_line' id='line_1_7' title="bbox 98 845 1082 922; baseline 0 -14"><span class='ocrx_word' id='word_1_47' title='bbox 98 849 147 920; x_wconf 90' lang='lat' dir='ltr'><strong>cit,</strong></span> <span class='ocrx_word' id='word_1_48' title='bbox 161 854 195 907; x_wconf 92' lang='lat' dir='ltr'><strong>nt</strong></span> <span class='ocrx_word' id='word_1_49' title='bbox 210 846 263 922; x_wconf 91' lang='lat' dir='ltr'><strong>qni</strong></span> <span class='ocrx_word' id='word_1_50' title='bbox 277 846 316 906; x_wconf 89' lang='lat' dir='ltr'><strong>ab</strong></span> <span class='ocrx_word' id='word_1_51' title='bbox 330 862 366 907; x_wconf 86' lang='lat' dir='ltr'><strong>se</strong></span> <span class='ocrx_word' id='word_1_52' title='bbox 381 845 565 920; x_wconf 81' lang='lat' dir='ltr'><strong>dissentiret,</strong></span> <span class='ocrx_word' id='word_1_53' title='bbox 579 845 733 907; x_wconf 85' lang='lat' dir='ltr'><strong>adversus</strong></span> <span class='ocrx_word' id='word_1_54' title='bbox 746 845 904 909; x_wconf 87' lang='lat' dir='ltr'><strong>Romanos</strong></span> <span class='ocrx_word' id='word_1_55' title='bbox 920 847 1024 909; x_wconf 83' lang='lat' dir='ltr'><strong>dicere</strong></span> <span class='ocrx_word' id='word_1_56' title='bbox 1038 849 1082 909; x_wconf 89' lang='lat' dir='ltr'><strong>vi·</strong></span> 
     </span>
     <span class='ocr_line' id='line_1_8' title="bbox 96 929 1082 1006; baseline 0.003 -15"><span class='ocrx_word' id='word_1_57' title='bbox 96 933 231 991; x_wconf 85' lang='lat' dir='ltr'><strong>deretur.</strong></span> <span class='ocrx_word' id='word_1_58' title='bbox 253 946 290 991; x_wconf 88' lang='lat' dir='ltr'><strong>ac</strong></span> <span class='ocrx_word' id='word_1_59' title='bbox 304 930 433 1005; x_wconf 87' lang='lat' dir='ltr'><strong>primum</strong></span> <span class='ocrx_word' id='word_1_60' title='bbox 449 929 591 1005; x_wconf 89' lang='lat' dir='ltr'><strong>omniurn,</strong></span> <span class='ocrx_word' id='word_1_61' title='bbox 609 936 764 1006; x_wconf 89' lang='lat' dir='ltr'><strong>tamquam</strong></span> <span class='ocrx_word' id='word_1_62' title='bbox 779 944 841 991; x_wconf 93' lang='lat' dir='ltr'><strong>non</strong></span> <span class='ocrx_word' id='word_1_63' title='bbox 856 930 906 993; x_wconf 91' lang='lat' dir='ltr'><strong>hic</strong></span> <span class='ocrx_word' id='word_1_64' title='bbox 920 932 1082 994; x_wconf 89' lang='lat' dir='ltr'><strong>nobiscnm</strong></span> 
     </span>
     <span class='ocr_line' id='line_1_9' title="bbox 96 1013 1082 1092; baseline -0.001 -16"><span class='ocrx_word' id='word_1_65' title='bbox 96 1015 218 1089; x_wconf 81' lang='lat' dir='ltr'><strong>fuisset,</strong></span> <span class='ocrx_word' id='word_1_66' title='bbox 232 1014 291 1075; x_wconf 89' lang='lat' dir='ltr'><strong>sed</strong></span> <span class='ocrx_word' id='word_1_67' title='bbox 304 1020 359 1074; x_wconf 87' lang='lat' dir='ltr'><strong>aut</strong></span> <span class='ocrx_word' id='word_1_68' title='bbox 371 1028 411 1073; x_wconf 90' lang='lat' dir='ltr'><strong>ex</strong></span> <span class='ocrx_word' id='word_1_69' title='bbox 426 1013 511 1074; x_wconf 87' lang='lat' dir='ltr'><strong>curia</strong></span> <span class='ocrx_word' id='word_1_70' title='bbox 524 1014 632 1089; x_wconf 91' lang='lat' dir='ltr'><strong>populi</strong></span> <span class='ocrx_word' id='word_1_71' title='bbox 642 1014 773 1075; x_wconf 90' lang='lat' dir='ltr'><strong>Romani</strong></span> <span class='ocrx_word' id='word_1_72' title='bbox 785 1013 902 1076; x_wconf 85' lang='lat' dir='ltr'><strong>veniret</strong></span> <span class='ocrx_word' id='word_1_73' title='bbox 912 1023 1082 1092; x_wconf 75' lang='lat' dir='ltr'><strong>antregum</strong></span> 
     </span>
     <span class='ocr_line' id='line_1_10' title="bbox 95 1095 1082 1175; baseline 0.004 -17"><span class='ocrx_word' id='word_1_74' title='bbox 95 1096 218 1160; x_wconf 84' lang='lat' dir='ltr'><strong>arcanis</strong></span> <span class='ocrx_word' id='word_1_75' title='bbox 232 1099 404 1171; x_wconf 83' lang='lat' dir='ltr'><strong>interesset,</strong></span> <span class='ocrx_word' id='word_1_76' title='bbox 420 1098 521 1157; x_wconf 88' lang='lat' dir='ltr'><strong>omnia</strong></span> <span class='ocrx_word' id='word_1_77' title='bbox 536 1095 595 1158; x_wconf 89' lang='lat' dir='ltr'><strong>scit</strong></span> <span class='ocrx_word' id='word_1_78' title='bbox 607 1104 638 1157; x_wconf 88' lang='lat' dir='ltr'><strong>et</strong></span> <span class='ocrx_word' id='word_1_79' title='bbox 647 1098 765 1159; x_wconf 85' lang='lat' dir='ltr'><strong>nuntiat</strong></span> <span class='ocrx_word' id='word_1_80' title='bbox 776 1115 857 1175; x_wconf 85' lang='lat' dir='ltr'><strong>quaa</strong></span> <span class='ocrx_word' id='word_1_81' title='bbox 868 1101 988 1162; x_wconf 85' lang='lat' dir='ltr'><strong>occulte</strong></span> <span class='ocrx_word' id='word_1_82' title='bbox 1002 1103 1082 1162; x_wconf 87' lang='lat' dir='ltr'><strong>lacta</strong></span> 
     </span>
     <span class='ocr_line' id='line_1_11' title="bbox 96 1181 1080 1261; baseline 0.003 -17"><span class='ocrx_word' id='word_1_83' title='bbox 96 1190 179 1244; x_wconf 88' lang='lat' dir='ltr'><strong>sunt.</strong></span> <span class='ocrx_word' id='word_1_84' title='bbox 197 1181 313 1242; x_wconf 89' lang='lat' dir='ltr'><strong>divinat</strong></span> <span class='ocrx_word' id='word_1_85' title='bbox 326 1183 417 1242; x_wconf 89' lang='lat' dir='ltr'><strong>etiam</strong></span> <span class='ocrx_word' id='word_1_86' title='bbox 430 1196 510 1258; x_wconf 90' lang='lat' dir='ltr'><strong>qnae</strong></span> <span class='ocrx_word' id='word_1_87' title='bbox 525 1182 626 1243; x_wconf 87' lang='lat' dir='ltr'><strong>lutura</strong></span> <span class='ocrx_word' id='word_1_88' title='bbox 640 1182 761 1257; x_wconf 87' lang='lat' dir='ltr'><strong>inerint,</strong></span> <span class='ocrx_word' id='word_1_89' title='bbox 776 1182 802 1242; x_wconf 91' lang='lat' dir='ltr'><strong>si</strong></span> <span class='ocrx_word' id='word_1_90' title='bbox 813 1181 972 1261; x_wconf 91' lang='lat' dir='ltr'><strong>Philippus</strong></span> <span class='ocrx_word' id='word_1_91' title='bbox 986 1183 1080 1247; x_wconf 85' lang='lat' dir='ltr'><strong>vixis·</strong></span> 
     </span>
     <span class='ocr_line' id='line_1_12' title="bbox 96 1264 1081 1343; baseline 0.001 -15"><span class='ocrx_word' id='word_1_92' title='bbox 96 1273 154 1340; x_wconf 88' lang='lat' dir='ltr'><strong>set,</strong></span> <span class='ocrx_word' id='word_1_93' title='bbox 169 1266 243 1342; x_wconf 91' lang='lat' dir='ltr'><strong>quid</strong></span> <span class='ocrx_word' id='word_1_94' title='bbox 256 1266 298 1326; x_wconf 85' lang='lat' dir='ltr'><strong>ita</strong></span> <span class='ocrx_word' id='word_1_95' title='bbox 311 1266 444 1326; x_wconf 86' lang='lat' dir='ltr'><strong>Perseus</strong></span> <span class='ocrx_word' id='word_1_96' title='bbox 457 1265 546 1340; x_wconf 76' lang='lat' dir='ltr'><strong>regni</strong></span> <span class='ocrx_word' id='word_1_97' title='bbox 559 1264 650 1326; x_wconf 87' lang='lat' dir='ltr'><strong>heres</strong></span> <span class='ocrx_word' id='word_1_98' title='bbox 666 1265 713 1340; x_wconf 84' lang='lat' dir='ltr'><strong>sit,</strong></span> <span class='ocrx_word' id='word_1_99' title='bbox 730 1266 806 1343; x_wconf 91' lang='lat' dir='ltr'><strong>qnid</strong></span> <span class='ocrx_word' id='word_1_100' title='bbox 819 1276 928 1342; x_wconf 86' lang='lat' dir='ltr'><strong>parent</strong></span> <span class='ocrx_word' id='word_1_101' title='bbox 937 1266 1081 1329; x_wconf 87' lang='lat' dir='ltr'><strong>Macedo·</strong></span> 
     </span>
     <span class='ocr_line' id='line_1_13' title="bbox 95 1347 1081 1426; baseline 0.002 -17"><span class='ocrx_word' id='word_1_102' title='bbox 95 1366 163 1424; x_wconf 89' lang='lat' dir='ltr'><strong>nes,</strong></span> <span class='ocrx_word' id='word_1_103' title='bbox 179 1350 253 1425; x_wconf 90' lang='lat' dir='ltr'><strong>quid</strong></span> <span class='ocrx_word' id='word_1_104' title='bbox 268 1350 401 1425; x_wconf 77' lang='lat' dir='ltr'><strong>cogitent</strong></span> <span class='ocrx_word' id='word_1_105' title='bbox 412 1347 551 1410; x_wconf 89' lang='lat' dir='ltr'><strong>Romani.</strong></span> <span class='ocrx_word' id='word_1_106' title='bbox 583 1365 641 1410; x_wconf 87' lang='lat' dir='ltr'><strong>nos</strong></span> <span class='ocrx_word' id='word_1_107' title='bbox 656 1357 772 1426; x_wconf 83' lang='lat' dir='ltr'><strong>autent,</strong></span> <span class='ocrx_word' id='word_1_108' title='bbox 796 1353 847 1425; x_wconf 91' lang='lat' dir='ltr'><strong>qui</strong></span> <span class='ocrx_word' id='word_1_109' title='bbox 861 1367 919 1412; x_wconf 90' lang='lat' dir='ltr'><strong>nec</strong></span> <span class='ocrx_word' id='word_1_110' title='bbox 934 1351 973 1411; x_wconf 93' lang='lat' dir='ltr'><strong>ob</strong></span> <span class='ocrx_word' id='word_1_111' title='bbox 989 1367 1081 1426; x_wconf 90' lang='lat' dir='ltr'><strong>qnam</strong></span> 
     </span>
     <span class='ocr_line' id='line_1_14' title="bbox 96 1434 1080 1509; baseline 0.001 -14"><span class='ocrx_word' id='word_1_112' title='bbox 96 1450 223 1495; x_wconf 88' lang='lat' dir='ltr'><strong>causam</strong></span> <span class='ocrx_word' id='word_1_113' title='bbox 242 1449 300 1494; x_wconf 90' lang='lat' dir='ltr'><strong>nec</strong></span> <span class='ocrx_word' id='word_1_114' title='bbox 322 1449 412 1509; x_wconf 88' lang='lat' dir='ltr'><strong>quem</strong></span> <span class='ocrx_word' id='word_1_115' title='bbox 432 1434 610 1494; x_wconf 88' lang='lat' dir='ltr'><strong>admodum</strong></span> <span class='ocrx_word' id='word_1_116' title='bbox 629 1434 755 1509; x_wconf 90' lang='lat' dir='ltr'><strong>perierit</strong></span> <span class='ocrx_word' id='word_1_117' title='bbox 768 1435 939 1496; x_wconf 87' lang='lat' dir='ltr'><strong>Demetrius</strong></span> <span class='ocrx_word' id='word_1_118' title='bbox 955 1435 1080 1507; x_wconf 85' lang='lat' dir='ltr'><strong>scimus,</strong></span> 
     </span>
     <span class='ocr_line' id='line_1_15' title="bbox 96 1516 1081 1593; baseline -0.001 -14"><span class='ocrx_word' id='word_1_119' title='bbox 96 1533 157 1579; x_wconf 87' lang='lat' dir='ltr'><strong>nec</strong></span> <span class='ocrx_word' id='word_1_120' title='bbox 178 1517 253 1593; x_wconf 89' lang='lat' dir='ltr'><strong>quid</strong></span> <span class='ocrx_word' id='word_1_121' title='bbox 266 1517 440 1593; x_wconf 88' lang='lat' dir='ltr'><strong>Philippus,</strong></span> <span class='ocrx_word' id='word_1_122' title='bbox 461 1516 488 1577; x_wconf 84' lang='lat' dir='ltr'><strong>si</strong></span> <span class='ocrx_word' id='word_1_123' title='bbox 502 1517 645 1591; x_wconf 85' lang='lat' dir='ltr'><strong>vixisset,</strong></span> <span class='ocrx_word' id='word_1_124' title='bbox 670 1518 807 1578; x_wconf 85' lang='lat' dir='ltr'><strong>lactarus</strong></span> <span class='ocrx_word' id='word_1_125' title='bbox 822 1519 926 1589; x_wconf 86' lang='lat' dir='ltr'><strong>luerit,</strong></span> <span class='ocrx_word' id='word_1_126' title='bbox 949 1517 1081 1579; x_wconf 87' lang='lat' dir='ltr'><strong>adhaec</strong></span> 
     </span>
     <span class='ocr_line' id='line_1_16' title="bbox 96 1601 1080 1679; baseline -0.003 -16"><span class='ocrx_word' id='word_1_127' title='bbox 96 1616 178 1679; x_wconf 91' lang='lat' dir='ltr'><strong>quae</strong></span> <span class='ocrx_word' id='word_1_128' title='bbox 196 1603 297 1676; x_wconf 89' lang='lat' dir='ltr'><strong>palam</strong></span> <span class='ocrx_word' id='word_1_129' title='bbox 313 1608 459 1676; x_wconf 80' lang='lat' dir='ltr'><strong>geruntur</strong></span> <span class='ocrx_word' id='word_1_130' title='bbox 473 1601 602 1662; x_wconf 88' lang='lat' dir='ltr'><strong>consilia</strong></span> <span class='ocrx_word' id='word_1_131' title='bbox 616 1608 723 1662; x_wconf 88' lang='lat' dir='ltr'><strong>nostra</strong></span> <span class='ocrx_word' id='word_1_132' title='bbox 738 1601 974 1662; x_wconf 86' lang='lat' dir='ltr'><strong>accommodare</strong></span> <span class='ocrx_word' id='word_1_133' title='bbox 987 1617 1080 1677; x_wconf 91' lang='lat' dir='ltr'><strong>opor-</strong></span> 
     </span>
     <span class='ocr_line' id='line_1_17' title="bbox 94 1684 1080 1761; baseline -0.001 -14"><span class='ocrx_word' id='word_1_134' title='bbox 94 1693 147 1747; x_wconf 86' lang='lat' dir='ltr'><strong>tet.</strong></span> <span class='ocrx_word' id='word_1_135' title='bbox 168 1701 205 1746; x_wconf 91' lang='lat' dir='ltr'><strong>ac</strong></span> <span class='ocrx_word' id='word_1_136' title='bbox 225 1686 340 1747; x_wconf 89' lang='lat' dir='ltr'><strong>scimus</strong></span> <span class='ocrx_word' id='word_1_137' title='bbox 354 1684 467 1746; x_wconf 86' lang='lat' dir='ltr'><strong>Persea</strong></span> <span class='ocrx_word' id='word_1_138' title='bbox 484 1700 580 1761; x_wconf 69' lang='lat' dir='ltr'><strong>regno</strong></span> <span class='ocrx_word' id='word_1_139' title='bbox 604 1692 732 1760; x_wconf 91' lang='lat' dir='ltr'><strong>accepto</strong></span> <span class='ocrx_word' id='word_1_140' title='bbox 749 1686 869 1760; x_wconf 79' lang='lat' dir='ltr'><strong>legatos</strong></span> <span class='ocrx_word' id='word_1_141' title='bbox 882 1684 1011 1746; x_wconf 87' lang='lat' dir='ltr'><strong>Romam</strong></span> <span class='ocrx_word' id='word_1_142' title='bbox 1025 1686 1080 1746; x_wconf 89' lang='lat' dir='ltr'><strong>mi·</strong></span> 
     </span>
     <span class='ocr_line' id='line_1_18' title="bbox 95 1767 1080 1846; baseline 0 -15"><span class='ocrx_word' id='word_1_143' title='bbox 95 1771 194 1843; x_wconf 89' lang='lat' dir='ltr'><strong>sisse,</strong></span> <span class='ocrx_word' id='word_1_144' title='bbox 209 1784 312 1844; x_wconf 81' lang='lat' dir='ltr'><strong>regem</strong></span> <span class='ocrx_word' id='word_1_145' title='bbox 325 1769 441 1830; x_wconf 87' lang='lat' dir='ltr'><strong>Persea</strong></span> <span class='ocrx_word' id='word_1_146' title='bbox 455 1769 493 1829; x_wconf 92' lang='lat' dir='ltr'><strong>ab</strong></span> <span class='ocrx_word' id='word_1_147' title='bbox 508 1769 625 1845; x_wconf 91' lang='lat' dir='ltr'><strong>populo</strong></span> <span class='ocrx_word' id='word_1_148' title='bbox 639 1767 781 1829; x_wconf 92' lang='lat' dir='ltr'><strong>Romano</strong></span> <span class='ocrx_word' id='word_1_149' title='bbox 797 1770 1001 1846; x_wconf 65' lang='lat' dir='ltr'><strong>appellatum</strong></span> <span class='ocrx_word' id='word_1_150' title='bbox 1026 1786 1080 1831; x_wconf 91' lang='lat' dir='ltr'><strong>au·</strong></span> 
     </span>
     <span class='ocr_line' id='line_1_19' title="bbox 95 1852 1080 1929; baseline 0 -13"><span class='ocrx_word' id='word_1_151' title='bbox 95 1854 199 1916; x_wconf 90' lang='lat' dir='ltr'><strong>dimus</strong></span> <span class='ocrx_word' id='word_1_152' title='bbox 213 1854 331 1928; x_wconf 79' lang='lat' dir='ltr'><strong>legatos</strong></span> <span class='ocrx_word' id='word_1_153' title='bbox 340 1853 499 1916; x_wconf 87' lang='lat' dir='ltr'><strong>Romanos</strong></span> <span class='ocrx_word' id='word_1_154' title='bbox 512 1852 639 1913; x_wconf 87' lang='lat' dir='ltr'><strong>venisse</strong></span> <span class='ocrx_word' id='word_1_155' title='bbox 652 1853 693 1913; x_wconf 90' lang='lat' dir='ltr'><strong>ad</strong></span> <span class='ocrx_word' id='word_1_156' title='bbox 706 1867 820 1927; x_wconf 80' lang='lat' dir='ltr'><strong>regem,</strong></span> <span class='ocrx_word' id='word_1_157' title='bbox 836 1861 867 1914; x_wconf 91' lang='lat' dir='ltr'><strong>et</strong></span> <span class='ocrx_word' id='word_1_158' title='bbox 879 1869 936 1916; x_wconf 85' lang='lat' dir='ltr'><strong>cos</strong></span> <span class='ocrx_word' id='word_1_159' title='bbox 948 1854 1080 1929; x_wconf 77' lang='lat' dir='ltr'><strong>benigne</strong></span> 
     </span>
     <span class='ocr_line' id='line_1_20' title="bbox 96 1934 1079 2013; baseline 0.001 -14"><span class='ocrx_word' id='word_1_160' title='bbox 96 1944 255 2013; x_wconf 85' lang='lat' dir='ltr'><strong>exceptos.</strong></span> <span class='ocrx_word' id='word_1_161' title='bbox 289 1939 367 1999; x_wconf 89' lang='lat' dir='ltr'><strong>baec</strong></span> <span class='ocrx_word' id='word_1_162' title='bbox 387 1938 489 1998; x_wconf 88' lang='lat' dir='ltr'><strong>omnia</strong></span> <span class='ocrx_word' id='word_1_163' title='bbox 509 1937 595 2012; x_wconf 87' lang='lat' dir='ltr'><strong>pacis</strong></span> <span class='ocrx_word' id='word_1_164' title='bbox 616 1934 760 2012; x_wconf 86' lang='lat' dir='ltr'><strong>equidem</strong></span> <span class='ocrx_word' id='word_1_165' title='bbox 778 1937 866 2012; x_wconf 73' lang='lat' dir='ltr'><strong>signa</strong></span> <span class='ocrx_word' id='word_1_166' title='bbox 880 1953 953 2002; x_wconf 80' lang='lat' dir='ltr'><strong>ease</strong></span> <span class='ocrx_word' id='word_1_167' title='bbox 966 1937 1079 2012; x_wconf 89' lang='lat' dir='ltr'><strong>indico,</strong></span> 
     </span>
     <span class='ocr_line' id='line_1_21' title="bbox 94 2020 1079 2096; baseline -0.002 -13"><span class='ocrx_word' id='word_1_168' title='bbox 94 2038 159 2083; x_wconf 92' lang='lat' dir='ltr'><strong>non</strong></span> <span class='ocrx_word' id='word_1_169' title='bbox 178 2022 265 2091; x_wconf 79' lang='lat' dir='ltr'><strong>belli3</strong></span> <span class='ocrx_word' id='word_1_170' title='bbox 288 2037 346 2082; x_wconf 88' lang='lat' dir='ltr'><strong>nec</strong></span> <span class='ocrx_word' id='word_1_171' title='bbox 358 2022 515 2083; x_wconf 86' lang='lat' dir='ltr'><strong>Romanos</strong></span> <span class='ocrx_word' id='word_1_172' title='bbox 537 2020 651 2082; x_wconf 83' lang='lat' dir='ltr'><strong>otiandi</strong></span> <span class='ocrx_word' id='word_1_173' title='bbox 673 2036 786 2096; x_wconf 86' lang='lat' dir='ltr'><strong>posse,</strong></span> <span class='ocrx_word' id='word_1_174' title='bbox 807 2021 834 2081; x_wconf 91' lang='lat' dir='ltr'><strong>si</strong></span> <span class='ocrx_word' id='word_1_175' title='bbox 848 2027 883 2081; x_wconf 93' lang='lat' dir='ltr'><strong>ut</strong></span> <span class='ocrx_word' id='word_1_176' title='bbox 902 2020 1014 2082; x_wconf 86' lang='lat' dir='ltr'><strong>bellurn</strong></span> <span class='ocrx_word' id='word_1_177' title='bbox 1028 2036 1079 2096; x_wconf 76' lang='lat' dir='ltr'><strong>ge·</strong></span> 
     </span>
     <span class='ocr_line' id='line_1_22' title="bbox 93 2105 1080 2181; baseline -0.003 -14"><span class='ocrx_word' id='word_1_178' title='bbox 93 2113 199 2167; x_wconf 88' lang='lat' dir='ltr'><strong>rentes</strong></span> <span class='ocrx_word' id='word_1_179' title='bbox 213 2121 270 2167; x_wconf 89' lang='lat' dir='ltr'><strong>eos</strong></span> <span class='ocrx_word' id='word_1_180' title='bbox 285 2105 383 2168; x_wconf 85' lang='lat' dir='ltr'><strong>secuti</strong></span> <span class='ocrx_word' id='word_1_181' title='bbox 396 2122 519 2178; x_wconf 86' lang='lat' dir='ltr'><strong>snmus,</strong></span> <span class='ocrx_word' id='word_1_182' title='bbox 534 2121 616 2166; x_wconf 89' lang='lat' dir='ltr'><strong>nnnc</strong></span> <span class='ocrx_word' id='word_1_183' title='bbox 631 2121 757 2181; x_wconf 88' lang='lat' dir='ltr'><strong>qnoque</strong></span> <span class='ocrx_word' id='word_1_184' title='bbox 769 2106 858 2181; x_wconf 89' lang='lat' dir='ltr'><strong>pacis</strong></span> <span class='ocrx_word' id='word_1_185' title='bbox 873 2111 1016 2166; x_wconf 85' lang='lat' dir='ltr'><strong>auctores</strong></span> <span class='ocrx_word' id='word_1_186' title='bbox 1031 2120 1080 2164; x_wconf 79' lang='lat' dir='ltr'><strong>se</strong></span> 
     </span>
     <span class='ocr_line' id='line_1_23' title="bbox 98 2189 1080 2266; baseline -0.004 -15"><span class='ocrx_word' id='word_1_187' title='bbox 98 2206 238 2266; x_wconf 83' lang='lat' dir='ltr'><strong>quantur.</strong></span> <span class='ocrx_word' id='word_1_188' title='bbox 260 2205 315 2251; x_wconf 90' lang='lat' dir='ltr'><strong>cur</strong></span> <span class='ocrx_word' id='word_1_189' title='bbox 329 2189 454 2266; x_wconf 88' lang='lat' dir='ltr'><strong>quidem</strong></span> <span class='ocrx_word' id='word_1_190' title='bbox 468 2205 526 2250; x_wconf 90' lang='lat' dir='ltr'><strong>nos</strong></span> <span class='ocrx_word' id='word_1_191' title='bbox 541 2189 726 2265; x_wconf 81' lang='lat' dir='ltr'><strong>inexpiabile</strong></span> <span class='ocrx_word' id='word_1_192' title='bbox 742 2189 877 2250; x_wconf 91' lang='lat' dir='ltr'><strong>omnium</strong></span> <span class='ocrx_word' id='word_1_193' title='bbox 893 2189 952 2250; x_wconf 89' lang='lat' dir='ltr'><strong>soli</strong></span> <span class='ocrx_word' id='word_1_194' title='bbox 967 2189 1080 2250; x_wconf 91' lang='lat' dir='ltr'><strong>bellum</strong></span> 
     </span>
     <span class='ocr_line' id='line_1_24' title="bbox 95 2272 1079 2350; baseline -0.001 -16"><span class='ocrx_word' id='word_1_195' title='bbox 95 2275 248 2335; x_wconf 89' lang='lat' dir='ltr'><strong>adversus</strong></span> <span class='ocrx_word' id='word_1_196' title='bbox 268 2289 395 2350; x_wconf 69' lang='lat' dir='ltr'><strong>regumn</strong></span> <span class='ocrx_word' id='word_1_197' title='bbox 407 2274 612 2334; x_wconf 80' lang='lat' dir='ltr'><strong>Macedonum</strong></span> <span class='ocrx_word' id='word_1_198' title='bbox 631 2289 790 2349; x_wconf 77' lang='lat' dir='ltr'><strong>geramus,</strong></span> <span class='ocrx_word' id='word_1_199' title='bbox 811 2290 873 2334; x_wconf 91' lang='lat' dir='ltr'><strong>non</strong></span> <span class='ocrx_word' id='word_1_200' title='bbox 894 2272 995 2334; x_wconf 88' lang='lat' dir='ltr'><strong>video.</strong></span> <span class='ocrx_word' id='word_1_201' title='bbox 1024 2288 1079 2347; x_wconf 81' lang='lat' dir='ltr'><strong>op</strong></span> 
     </span>
     <span class='ocr_line' id='line_1_25' title="bbox 95 2356 1080 2434; baseline -0.004 -14"><span class='ocrx_word' id='word_1_202' title='bbox 95 2358 220 2434; x_wconf 85' lang='lat' dir='ltr'><strong>portani</strong></span> <span class='ocrx_word' id='word_1_203' title='bbox 240 2356 469 2434; x_wconf 75' lang='lat' dir='ltr'><strong>propinquitate</strong></span> <span class='ocrx_word' id='word_1_204' title='bbox 488 2358 558 2433; x_wconf 88' lang='lat' dir='ltr'><strong>ipsa</strong></span> <span class='ocrx_word' id='word_1_205' title='bbox 570 2356 772 2419; x_wconf 81' lang='lat' dir='ltr'><strong>Macedoniae</strong></span> <span class='ocrx_word' id='word_1_206' title='bbox 792 2364 922 2419; x_wconf 70' lang='lat' dir='ltr'><strong>snmus?</strong></span> <span class='ocrx_word' id='word_1_207' title='bbox 942 2373 981 2416; x_wconf 85' lang='lat' dir='ltr'><strong>an</strong></span> <span class='ocrx_word' id='word_1_208' title='bbox 996 2357 1080 2417; x_wconf 87' lang='lat' dir='ltr'><strong>indr-</strong></span> 
     </span>
     <span class='ocr_line' id='line_1_26' title="bbox 94 2441 1080 2518; baseline -0.004 -15"><span class='ocrx_word' id='word_1_209' title='bbox 94 2442 224 2504; x_wconf 87' lang='lat' dir='ltr'><strong>missimi</strong></span> <span class='ocrx_word' id='word_1_210' title='bbox 236 2443 378 2517; x_wconf 90' lang='lat' dir='ltr'><strong>omnium,</strong></span> <span class='ocrx_word' id='word_1_211' title='bbox 393 2449 556 2518; x_wconf 85' lang='lat' dir='ltr'><strong>tamquam,</strong></span> <span class='ocrx_word' id='word_1_212' title='bbox 568 2458 648 2517; x_wconf 90' lang='lat' dir='ltr'><strong>quos</strong></span> <span class='ocrx_word' id='word_1_213' title='bbox 660 2458 760 2518; x_wconf 89' lang='lat' dir='ltr'><strong>nuper</strong></span> <span class='ocrx_word' id='word_1_214' title='bbox 770 2442 907 2515; x_wconf 88' lang='lat' dir='ltr'><strong>subiecit,</strong></span> <span class='ocrx_word' id='word_1_215' title='bbox 919 2441 1080 2515; x_wconf 74' lang='lat' dir='ltr'><strong>Dolopem</strong></span> 
     </span>
     <span class='ocr_line' id='line_1_27' title="bbox 94 2523 1079 2603; baseline -0.003 -17"><span class='ocrx_word' id='word_1_216' title='bbox 94 2527 187 2586; x_wconf 89' lang='lat' dir='ltr'><strong>immo</strong></span> <span class='ocrx_word' id='word_1_217' title='bbox 203 2533 310 2586; x_wconf 78' lang='lat' dir='ltr'><strong>cenna</strong></span> <span class='ocrx_word' id='word_1_218' title='bbox 323 2542 361 2586; x_wconf 90' lang='lat' dir='ltr'><strong>ea</strong></span> <span class='ocrx_word' id='word_1_219' title='bbox 377 2528 423 2586; x_wconf 81' lang='lat' dir='ltr'><strong>vel</strong></span> <span class='ocrx_word' id='word_1_220' title='bbox 437 2525 554 2587; x_wconf 89' lang='lat' dir='ltr'><strong>viribus</strong></span> <span class='ocrx_word' id='word_1_221' title='bbox 569 2526 699 2601; x_wconf 90' lang='lat' dir='ltr'><strong>nostris,</strong></span> <span class='ocrx_word' id='word_1_222' title='bbox 715 2527 806 2587; x_wconf 88' lang='lat' dir='ltr'><strong>deum</strong></span> <span class='ocrx_word' id='word_1_223' title='bbox 820 2523 1014 2603; x_wconf 75' lang='lat' dir='ltr'><strong>benignitate,</strong></span> <span class='ocrx_word' id='word_1_224' title='bbox 1029 2523 1079 2584; x_wconf 85' lang='lat' dir='ltr'><strong>vel</strong></span> 
     </span>
     <span class='ocr_line' id='line_1_28' title="bbox 96 2608 1078 2689; baseline 0 -20"><span class='ocrx_word' id='word_1_225' title='bbox 96 2610 233 2686; x_wconf 75' lang='lat' dir='ltr'><strong>regionis</strong></span> <span class='ocrx_word' id='word_1_226' title='bbox 247 2610 405 2689; x_wconf 80' lang='lat' dir='ltr'><strong>intervallo</strong></span> <span class='ocrx_word' id='word_1_227' title='bbox 420 2611 484 2670; x_wconf 91' lang='lat' dir='ltr'><strong>tuti.</strong></span> <span class='ocrx_word' id='word_1_228' title='bbox 506 2612 562 2671; x_wconf 91' lang='lat' dir='ltr'><strong>sed</strong></span> <span class='ocrx_word' id='word_1_229' title='bbox 577 2611 675 2672; x_wconf 90' lang='lat' dir='ltr'><strong>simus</strong></span> <span class='ocrx_word' id='word_1_230' title='bbox 685 2626 785 2687; x_wconf 84' lang='lat' dir='ltr'><strong>aequo</strong></span> <span class='ocrx_word' id='word_1_231' title='bbox 796 2608 926 2672; x_wconf 86' lang='lat' dir='ltr'><strong>subiecti</strong></span> <span class='ocrx_word' id='word_1_232' title='bbox 937 2609 1078 2671; x_wconf 80' lang='lat' dir='ltr'><strong>acl&#39;hes-</strong></span> 
     </span>
     <span class='ocr_line' id='line_1_29' title="bbox 94 2693 1079 2771; baseline -0.001 -17"><span class='ocrx_word' id='word_1_233' title='bbox 94 2693 153 2754; x_wconf 84' lang='lat' dir='ltr'><strong>sali</strong></span> <span class='ocrx_word' id='word_1_234' title='bbox 166 2694 346 2770; x_wconf 72' lang='lat' dir='ltr'><strong>hemliquee</strong></span> <span class='ocrx_word' id='word_1_235' title='bbox 367 2694 461 2755; x_wconf 86' lang='lat' dir='ltr'><strong>nihilo</strong></span> <span class='ocrx_word' id='word_1_236' title='bbox 481 2696 552 2769; x_wconf 91' lang='lat' dir='ltr'><strong>plus</strong></span> <span class='ocrx_word' id='word_1_237' title='bbox 572 2694 644 2755; x_wconf 88' lang='lat' dir='ltr'><strong>ddei</strong></span> <span class='ocrx_word' id='word_1_238' title='bbox 665 2696 916 2771; x_wconf 88' lang='lat' dir='ltr'><strong>auctoritatisque</strong></span> <span class='ocrx_word' id='word_1_239' title='bbox 929 2694 1079 2755; x_wconf 89' lang='lat' dir='ltr'><strong>babemus</strong></span> 
     </span>
     <span class='ocr_line' id='line_1_30' title="bbox 94 2777 1078 2854; baseline 0.002 -17"><span class='ocrx_word' id='word_1_240' title='bbox 94 2777 247 2838; x_wconf 86' lang='lat' dir='ltr'><strong>adversus</strong></span> <span class='ocrx_word' id='word_1_241' title='bbox 261 2778 427 2853; x_wconf 85' lang='lat' dir='ltr'><strong>Romanos,</strong></span> <span class='ocrx_word' id='word_1_242' title='bbox 449 2779 501 2853; x_wconf 91' lang='lat' dir='ltr'><strong>qui</strong></span> <span class='ocrx_word' id='word_1_243' title='bbox 514 2793 638 2852; x_wconf 86' lang='lat' dir='ltr'><strong>semper</strong></span> <span class='ocrx_word' id='word_1_244' title='bbox 651 2778 729 2839; x_wconf 87' lang='lat' dir='ltr'><strong>socii</strong></span> <span class='ocrx_word' id='word_1_245' title='bbox 744 2786 836 2854; x_wconf 88' lang='lat' dir='ltr'><strong>atque</strong></span> <span class='ocrx_word' id='word_1_246' title='bbox 849 2780 939 2839; x_wconf 88' lang='lat' dir='ltr'><strong>amici</strong></span> <span class='ocrx_word' id='word_1_247' title='bbox 954 2779 1078 2851; x_wconf 84' lang='lat' dir='ltr'><strong>inimus,</strong></span> 
     </span>
     <span class='ocr_line' id='line_1_31' title="bbox 95 2859 1079 2938; baseline 0 -17"><span class='ocrx_word' id='word_1_248' title='bbox 95 2876 189 2937; x_wconf 88' lang='lat' dir='ltr'><strong>quarn</strong></span> <span class='ocrx_word' id='word_1_249' title='bbox 201 2862 318 2937; x_wconf 84' lang='lat' dir='ltr'><strong>Aetoli,</strong></span> <span class='ocrx_word' id='word_1_250' title='bbox 341 2859 394 2938; x_wconf 92' lang='lat' dir='ltr'><strong>qui</strong></span> <span class='ocrx_word' id='word_1_251' title='bbox 407 2863 501 2937; x_wconf 89' lang='lat' dir='ltr'><strong>paulo</strong></span> <span class='ocrx_word' id='word_1_252' title='bbox 515 2867 586 2921; x_wconf 86' lang='lat' dir='ltr'><strong>anta</strong></span> <span class='ocrx_word' id='word_1_253' title='bbox 600 2861 708 2922; x_wconf 85' lang='lat' dir='ltr'><strong>hostes</strong></span> <span class='ocrx_word' id='word_1_254' title='bbox 723 2862 866 2922; x_wconf 69' lang='lat' dir='ltr'><strong>luerunt?</strong></span> <span class='ocrx_word' id='word_1_255' title='bbox 886 2862 970 2936; x_wconf 90' lang='lat' dir='ltr'><strong>quod</strong></span> <span class='ocrx_word' id='word_1_256' title='bbox 985 2863 1079 2921; x_wconf 80' lang='lat' dir='ltr'><strong>Aeto·</strong></span> 
     </span>
     <span class='ocr_line' id='line_1_32' title="bbox 93 2944 1080 3020; baseline 0.002 -16"><span class='ocrx_word' id='word_1_257' title='bbox 93 2946 142 3017; x_wconf 91' lang='lat' dir='ltr'><strong>lis,</strong></span> <span class='ocrx_word' id='word_1_258' title='bbox 161 2944 244 3019; x_wconf 91' lang='lat' dir='ltr'><strong>quod</strong></span> <span class='ocrx_word' id='word_1_259' title='bbox 258 2946 422 3020; x_wconf 85' lang='lat' dir='ltr'><strong>Tbessalis,</strong></span> <span class='ocrx_word' id='word_1_260' title='bbox 439 2945 523 3020; x_wconf 91' lang='lat' dir='ltr'><strong>quod</strong></span> <span class='ocrx_word' id='word_1_261' title='bbox 532 2945 678 3020; x_wconf 68' lang='lat' dir='ltr'><strong>Epirotis</strong></span> <span class='ocrx_word' id='word_1_262' title='bbox 694 2945 776 3005; x_wconf 89' lang='lat' dir='ltr'><strong>omni</strong></span> <span class='ocrx_word' id='word_1_263' title='bbox 786 2945 920 3020; x_wconf 90' lang='lat' dir='ltr'><strong>deniqne</strong></span> <span class='ocrx_word' id='word_1_264' title='bbox 932 2945 1080 3006; x_wconf 87' lang='lat' dir='ltr'><strong>Graeciae</strong></span> 
     </span>
     <span class='ocr_line' id='line_1_33' title="bbox 94 3028 1078 3101; baseline 0.001 -13"><span class='ocrx_word' id='word_1_265' title='bbox 94 3044 163 3088; x_wconf 88' lang='lat' dir='ltr'><strong>cum</strong></span> <span class='ocrx_word' id='word_1_266' title='bbox 178 3028 400 3090; x_wconf 88' lang='lat' dir='ltr'><strong>Macedonibus</strong></span> <span class='ocrx_word' id='word_1_267' title='bbox 421 3028 495 3089; x_wconf 92' lang='lat' dir='ltr'><strong>iuris</strong></span> <span class='ocrx_word' id='word_1_268' title='bbox 517 3036 577 3101; x_wconf 89' lang='lat' dir='ltr'><strong>est,</strong></span> <span class='ocrx_word' id='word_1_269' title='bbox 592 3030 674 3089; x_wconf 87' lang='lat' dir='ltr'><strong>idem</strong></span> <span class='ocrx_word' id='word_1_270' title='bbox 689 3035 720 3089; x_wconf 86' lang='lat' dir='ltr'><strong>et</strong></span> <span class='ocrx_word' id='word_1_271' title='bbox 733 3028 823 3089; x_wconf 86' lang='lat' dir='ltr'><strong>nobis</strong></span> <span class='ocrx_word' id='word_1_272' title='bbox 838 3029 887 3090; x_wconf 89' lang='lat' dir='ltr'><strong>sit.</strong></span> <span class='ocrx_word' id='word_1_273' title='bbox 920 3044 975 3089; x_wconf 91' lang='lat' dir='ltr'><strong>cur</strong></span> <span class='ocrx_word' id='word_1_274' title='bbox 989 3044 1078 3089; x_wconf 86' lang='lat' dir='ltr'><strong>exse·</strong></span> 
     </span>
     <span class='ocr_line' id='line_1_34' title="bbox 93 3111 1080 3175; baseline 0 -3"><span class='ocrx_word' id='word_1_275' title='bbox 93 3112 217 3172; x_wconf 87' lang='lat' dir='ltr'><strong>erabilis</strong></span> <span class='ocrx_word' id='word_1_276' title='bbox 238 3113 296 3174; x_wconf 88' lang='lat' dir='ltr'><strong>ista</strong></span> <span class='ocrx_word' id='word_1_277' title='bbox 315 3114 406 3175; x_wconf 89' lang='lat' dir='ltr'><strong>nobis</strong></span> <span class='ocrx_word' id='word_1_278' title='bbox 426 3111 503 3173; x_wconf 89' lang='lat' dir='ltr'><strong>solis</strong></span> <span class='ocrx_word' id='word_1_279' title='bbox 521 3113 605 3172; x_wconf 90' lang='lat' dir='ltr'><strong>velut</strong></span> <span class='ocrx_word' id='word_1_280' title='bbox 621 3112 766 3173; x_wconf 88' lang='lat' dir='ltr'><strong>dissertio</strong></span> <span class='ocrx_word' id='word_1_281' title='bbox 781 3112 856 3173; x_wconf 90' lang='lat' dir='ltr'><strong>iuris</strong></span> <span class='ocrx_word' id='word_1_282' title='bbox 870 3111 994 3173; x_wconf 91' lang='lat' dir='ltr'><strong>hnmani</strong></span> <span class='ocrx_word' id='word_1_283' title='bbox 1010 3118 1080 3173; x_wconf 88' lang='lat' dir='ltr'><strong>estt</strong></span> 
     </span>
     <span class='ocr_line' id='line_1_35' title="bbox 92 3195 1080 3272; baseline 0.003 -18"><span class='ocrx_word' id='word_1_284' title='bbox 92 3196 200 3256; x_wconf 86' lang='lat' dir='ltr'><strong>lecerit</strong></span> <span class='ocrx_word' id='word_1_285' title='bbox 219 3195 333 3272; x_wconf 88' lang='lat' dir='ltr'><strong>aliquid</strong></span> <span class='ocrx_word' id='word_1_286' title='bbox 354 3196 528 3272; x_wconf 88' lang='lat' dir='ltr'><strong>Philippus,</strong></span> <span class='ocrx_word' id='word_1_287' title='bbox 549 3211 604 3256; x_wconf 86' lang='lat' dir='ltr'><strong>cur</strong></span> <span class='ocrx_word' id='word_1_288' title='bbox 624 3198 775 3257; x_wconf 87' lang='lat' dir='ltr'><strong>adversus</strong></span> <span class='ocrx_word' id='word_1_289' title='bbox 796 3212 867 3256; x_wconf 88' lang='lat' dir='ltr'><strong>eum</strong></span> <span class='ocrx_word' id='word_1_290' title='bbox 887 3203 1035 3257; x_wconf 88' lang='lat' dir='ltr'><strong>armatum</strong></span> <span class='ocrx_word' id='word_1_291' title='bbox 1049 3205 1080 3257; x_wconf 92' lang='lat' dir='ltr'><strong>et</strong></span> 
     </span>
     <span class='ocr_line' id='line_1_36' title="bbox 91 3279 1079 3355; baseline 0.001 -17"><span class='ocrx_word' id='word_1_292' title='bbox 91 3279 207 3340; x_wconf 92' lang='lat' dir='ltr'><strong>bellum</strong></span> <span class='ocrx_word' id='word_1_293' title='bbox 221 3289 376 3355; x_wconf 79' lang='lat' dir='ltr'><strong>gerentem</strong></span> <span class='ocrx_word' id='word_1_294' title='bbox 391 3281 451 3342; x_wconf 92' lang='lat' dir='ltr'><strong>hoc</strong></span> <span class='ocrx_word' id='word_1_295' title='bbox 462 3282 714 3342; x_wconf 80' lang='lat' dir='ltr'><strong>decerneremus:</strong></span> <span class='ocrx_word' id='word_1_296' title='bbox 738 3280 812 3355; x_wconf 89' lang='lat' dir='ltr'><strong>quid</strong></span> <span class='ocrx_word' id='word_1_297' title='bbox 824 3280 967 3352; x_wconf 86' lang='lat' dir='ltr'><strong>Perseus,</strong></span> <span class='ocrx_word' id='word_1_298' title='bbox 977 3296 1079 3341; x_wconf 88' lang='lat' dir='ltr'><strong>novus</strong></span> 
     </span>
     <span class='ocr_line' id='line_1_37' title="bbox 90 3364 1078 3439; baseline 0 -18"><span class='ocrx_word' id='word_1_299' title='bbox 90 3379 162 3435; x_wconf 86' lang='lat' dir='ltr'><strong>rex,</strong></span> <span class='ocrx_word' id='word_1_300' title='bbox 179 3365 279 3424; x_wconf 89' lang='lat' dir='ltr'><strong>omnis</strong></span> <span class='ocrx_word' id='word_1_301' title='bbox 294 3364 421 3425; x_wconf 88' lang='lat' dir='ltr'><strong>iniuriae</strong></span> <span class='ocrx_word' id='word_1_302' title='bbox 436 3365 560 3439; x_wconf 90' lang='lat' dir='ltr'><strong>insons,</strong></span> <span class='ocrx_word' id='word_1_303' title='bbox 575 3380 633 3426; x_wconf 89' lang='lat' dir='ltr'><strong>suo</strong></span> <span class='ocrx_word' id='word_1_304' title='bbox 648 3364 800 3425; x_wconf 86' lang='lat' dir='ltr'><strong>beneficio</strong></span> <span class='ocrx_word' id='word_1_305' title='bbox 813 3371 958 3439; x_wconf 85' lang='lat' dir='ltr'><strong>paternas</strong></span> <span class='ocrx_word' id='word_1_306' title='bbox 973 3364 1078 3423; x_wconf 69' lang='lat' dir='ltr'><strong>simill-</strong></span> 
     </span>
     <span class='ocr_line' id='line_1_38' title="bbox 91 3446 1079 3521; baseline -0.002 -15"><span class='ocrx_word' id='word_1_307' title='bbox 91 3452 170 3507; x_wconf 88' lang='lat' dir='ltr'><strong>tatcs</strong></span> <span class='ocrx_word' id='word_1_308' title='bbox 186 3448 373 3521; x_wconf 68' lang='lat' dir='ltr'><strong>oblitterans</strong></span> <span class='ocrx_word' id='word_1_309' title='bbox 389 3451 507 3521; x_wconf 89' lang='lat' dir='ltr'><strong>meruit,</strong></span> <span class='ocrx_word' id='word_1_310' title='bbox 520 3450 643 3509; x_wconf 83' lang='lat' dir='ltr'><strong>carsoli</strong></span> <span class='ocrx_word' id='word_1_311' title='bbox 655 3447 908 3509; x_wconf 84' lang='lat' dir='ltr'><strong>omniumhostes</strong></span> <span class='ocrx_word' id='word_1_312' title='bbox 920 3448 948 3505; x_wconf 92' lang='lat' dir='ltr'><strong>ei</strong></span> <span class='ocrx_word' id='word_1_313' title='bbox 960 3446 1079 3505; x_wconf 79' lang='lat' dir='ltr'><strong>simunt</strong></span> 
     </span>
    </p>
   </div>
   <div class='ocr_carea' id='block_1_3' title="bbox 92 3527 1076 3610">
    <p class='ocr_par' dir='ltr' id='par_1_3' title="bbox 92 3527 1076 3610">
     <span class='ocr_line' id='line_1_39' title="bbox 92 3527 1076 3610; baseline -0.004 -20"><span class='ocrx_word' id='word_1_314' title='bbox 92 3546 278 3606; x_wconf 85' lang='lat' dir='ltr'><strong>quamquam</strong></span> <span class='ocrx_word' id='word_1_315' title='bbox 298 3541 330 3593; x_wconf 91' lang='lat' dir='ltr'><strong>et</strong></span> <span class='ocrx_word' id='word_1_316' title='bbox 343 3533 416 3593; x_wconf 90' lang='lat' dir='ltr'><strong>illud</strong></span> <span class='ocrx_word' id='word_1_317' title='bbox 439 3533 542 3592; x_wconf 86' lang='lat' dir='ltr'><strong>dicere</strong></span> <span class='ocrx_word' id='word_1_318' title='bbox 557 3538 812 3610; x_wconf 75' lang='lat' dir='ltr'><strong>poteram„tanta</strong></span> <span class='ocrx_word' id='word_1_319' title='bbox 826 3530 961 3603; x_wconf 89' lang='lat' dir='ltr'><strong>priorum</strong></span> <span class='ocrx_word' id='word_1_320' title='bbox 975 3527 1076 3587; x_wconf 88' lang='lat' dir='ltr'><strong>Maco-</strong></span> 
     </span>
    </p>
   </div>
   <div class='ocr_carea' id='block_1_4' title="bbox 0 0 1326 4017">
    <p class='ocr_par' dir='ltr' id='par_1_4' title="bbox 0 0 1326 4017">
     <span class='ocr_line' id='line_1_40' title="bbox 0 0 1326 4017; baseline 0 1"><span class='ocrx_word' id='word_1_321' title='bbox 0 0 1326 4017; x_wconf 95' lang='lat' dir='ltr'><strong> </strong></span> 
     </span>
    </p>
   </div>
  </div>
 </body>
</html>
