2642 4017
285 297 402 358 LIBER
415 297 519 358 XLIV.
543 297 625 357 CAP.
639 305 683 361 37.
696 305 740 359 38.
765 304 801 371 [a.
813 303 845 356 C.
860 300 921 375 168]
1025 299 1088 362 245

113 452 194 520 sunt
214 460 270 504 rex
286 460 413 521 quoque
428 461 497 506 cum
507 447 575 507 sinc
587 445 805 508 detractatione
816 454 941 523 paratus
953 466 1091 526 pugnare

113 545 151 590 eo
167 527 216 589 die
232 527 354 602 ruisset,
381 536 542 591 contentus
560 529 644 605 quod
658 546 715 606 per
729 531 849 592 hostem
862 547 978 593 moram
994 534 1091 594 luisse

112 627 236 688 pugnae
250 612 374 687 scirem,
389 619 420 673 et
431 612 501 689 ipse
515 614 545 673 iu
562 619 664 673 castra
674 613 781 689 copias
795 614 924 676 reduxit

198 694 313 757 Castris
328 697 507 771 pennonitis
523 696 555 757 0.
571 694 727 772 Sulpicius
742 698 847 758 Gallus
860 697 1000 761 tribunus
1015 700 1089 761 mili

111 787 176 841 tum
191 779 348 840 secundae
363 779 502 856 legionis,
518 781 571 856 qui
582 787 708 855 praetor
718 780 879 856 superiore
889 798 970 843 anno
982 784 1088 848 iuerat

114 862 249 924 consulis
264 864 418 938 permissu
427 863 469 923 ad
480 863 653 926 contionem
665 863 809 927 militibus
821 864 941 929 vocans
952 882 1088 941 pronun·

113 947 197 1007 licvit
217 953 306 1007 nocte
326 948 483 1022 proxima,
504 963 543 1008 ne
564 947 633 1023 quis
648 946 680 1007 id
695 963 753 1023 pro
766 954 909 1023 portento
926 950 1090 1026 acciperet,

113 1030 152 1090 ab
172 1030 250 1090 hora
269 1030 407 1091 secunda
427 1031 583 1106 usquead
598 1037 737 1107 quartam
751 1031 859 1093 boram
873 1033 972 1095 noctis
987 1035 1089 1095 lunam

114 1114 299 1174 defecturam
310 1129 391 1175 esse.
411 1112 443 1175 id
456 1115 530 1191 quia
540 1115 669 1176 naturali
682 1115 790 1177 ordine
801 1115 888 1177 statis
899 1117 1088 1192 temporibus

112 1197 180 1270 liat,
201 1204 231 1257 et
250 1197 321 1257 sciri
341 1205 411 1258 ante
425 1206 457 1259 et
468 1196 605 1274 praedici
620 1214 725 1274 posse.
747 1199 851 1275 itaque
865 1216 955 1276 quem
970 1201 1009 1260 ad
1024 1217 1088 1261 mo·

113 1280 200 1352 dum,
223 1281 296 1356 quia
314 1279 389 1341 certi
410 1282 485 1342 solis
506 1283 659 1358 lunaeque
679 1289 711 1342 et
729 1290 814 1344 ortus
830 1292 861 1345 et
873 1299 1005 1344 occasus
1020 1284 1088 1356 sint,

113 1379 195 1424 nunc
209 1366 302 1439 pleno
318 1364 393 1426 orbe
407 1381 489 1425 nunc
503 1372 718 1428 senescentem
732 1366 845 1441 exiguo
860 1383 958 1428 comu
971 1367 1089 1440 fulgere

112 1448 216 1508 lunam
228 1462 291 1508 non
306 1448 496 1522 mirarentur,
510 1450 553 1509 ita
566 1463 606 1508 nc
617 1448 776 1510 obscurari
789 1449 920 1525 quidem,
935 1465 1005 1509 cum
1016 1464 1088 1509 con-

112 1532 201 1591 datur
215 1532 323 1596 umbra
336 1537 449 1606 terrae,
470 1532 590 1593 trahere
604 1532 634 1591 ln
648 1529 823 1607 prodigium
837 1532 960 1593 debere.
988 1539 1087 1604 nocte,

113 1631 204 1690 quam
225 1614 326 1691 pridie
344 1632 443 1677 nonas
464 1615 662 1691 Septembres
682 1616 822 1677 insecuta
836 1621 885 1676 est
897 1615 980 1691 dies,
1007 1614 1089 1677 edita

110 1698 189 1760 hora
202 1713 274 1760 cum
286 1700 358 1760 luna
372 1699 548 1771 defecisset,
563 1697 709 1759 Romanis
720 1697 864 1761 militibus
878 1699 954 1761 Galli
965 1699 1088 1775 sapien·

111 1784 153 1844 tia
173 1798 273 1859 prope
294 1783 397 1843 divina
416 1781 529 1843 videri=
555 1782 743 1843 Maccdonas
758 1788 792 1844 ut
804 1782 890 1844 triste
904 1783 1087 1858 prodigium,

112 1883 257 1928 occasum
280 1867 367 1943 regni
391 1865 620 1943 perniciemque
644 1865 744 1943 gentis
769 1867 958 1943 portendens
977 1866 1087 1935 movim

112 1966 169 2013 nec
180 1951 266 2010 aliter
275 1957 373 2011 vates.
390 1952 506 2012 clamor
514 1951 710 2025 ululatusque
721 1950 751 2010 in
764 1948 873 2011 castris
884 1949 1088 2010 Macedonum

110 2034 175 2110 luit,
189 2034 290 2095 donec
305 2036 378 2095 luna
392 2035 422 2094 in
438 2050 526 2096 suam
539 2036 639 2096 lucem
653 2030 787 2103 emersit

193 2117 320 2180 Postero
335 2118 442 2178 dle-
456 2125 557 2179 tantus
572 2117 693 2192 utrique
704 2117 797 2177 ardor
808 2114 954 2176 exercitui
964 2115 1004 2174 ad
1016 2131 1087 2177 con·

112 2201 295 2263 currendum
315 2202 428 2276 iuerat,
454 2208 486 2262 ut
500 2209 531 2262 et
542 2216 647 2277 regem
662 2207 694 2260 et
707 2200 866 2261 consulem
880 2214 1007 2260 suomm
1022 2200 1088 2276 qui·

78 2349 82 2353 ,
111 2287 196 2359 dam,
218 2287 312 2362 quod
322 2285 389 2347 siue
404 2286 522 2362 proelio
543 2285 716 2346 discessum
731 2290 830 2358 esset,
852 2290 1089 2344 accusarent-

110 2368 176 2443 regi
196 2377 340 2445 prompta
360 2370 500 2432 defensio
520 2376 601 2443 erat,
621 2384 684 2430 non
699 2384 738 2430 eo
752 2369 868 2442 solum,
891 2367 976 2443 quod
989 2366 1088 2428 hostis

110 2453 211 2529 prior,
232 2461 338 2530 aperte
351 2470 487 2530 pugnam
501 2454 692 2527 detractans,
713 2452 745 2512 in
760 2459 862 2513 castra
876 2450 984 2527 copias
998 2450 1088 2510 redu-

110 2535 224 2610 xisset,
246 2538 304 2598 sed
323 2538 413 2599 etlam
435 2539 520 2615 quod
534 2555 572 2600 eo
587 2540 657 2599 loco
673 2536 763 2612 signa
777 2533 1002 2606 constituisset,
1026 2550 1088 2611 quo

111 2619 262 2698 phalanx,
284 2637 376 2694 quam
396 2622 531 2682 inutilem
547 2622 596 2681 vel
611 2618 775 2682 mediocris
789 2617 933 2695 iniquitas
948 2619 1009 2680 loci
1022 2617 1086 2679 eld-

2 2746 3 2751 1
112 2710 209 2775 cerei,
235 2702 413 2778 promoveri
432 2720 495 2763 non
515 2710 632 2778 posset
660 2704 769 2765 consul
790 2704 831 2764 ad
844 2703 877 2762 id
891 2703 976 2778 quod
989 2700 1089 2777 pridie

2 2842 3 2871 ¹
112 2784 357 2858 praetermisisse
370 2785 526 2860 pugnandi
542 2787 737 2847 occasionem
752 2784 921 2859 videbatur,
943 2794 974 2845 et
987 2787 1089 2846 locum

2 2880 3 2883 ’
112 2865 239 2928 dedisse
252 2866 345 2940 hosti,
361 2869 389 2929 si
404 2873 495 2928 nocte
508 2867 593 2927 abire
607 2869 706 2942 vellet,
723 2875 796 2928 tunc
812 2882 938 2943 quoque
952 2883 1008 2944 per
1018 2883 1089 2944 spc-

112 2951 191 3011 ciem
204 2951 381 3011 immolandi
396 2958 495 3011 terere
508 2950 670 3011 videbatur
685 2957 817 3025 tempus,
832 2965 903 3010 cum
912 2952 981 3011 luce
991 2950 1089 3027 prima

2 3028 3 3031 ’
111 3035 232 3110 sIgnum
247 3035 441 3110 propositum
452 3049 574 3110 pugnae
584 3034 625 3093 ad
634 3034 809 3094 exeundum
819 3031 850 3093 in
862 3033 958 3094 aciem
970 3033 1088 3096 luisset.

111 3120 199 3180 tertia
213 3120 336 3181 demum
349 3118 428 3181 horo
443 3117 595 3181 sacrificio
610 3117 668 3179 rite
681 3123 857 3194 perpetrato
872 3117 913 3177 ad
928 3117 1090 3180 consilium

2 3232 3 3263 1
111 3205 249 3276 vocavit3
271 3210 364 3280 atque
377 3205 435 3280 ibi,
457 3204 542 3279 quod
561 3203 606 3263 rei
620 3201 775 3279 gerendae
788 3208 909 3277 tempus
924 3210 1023 3274 esset,
1044 3203 1088 3260 lo·

113 3288 236 3361 quendo
247 3295 279 3349 et
288 3287 503 3365 Intempestiue
514 3285 718 3348 consulando
728 3284 890 3347 videbatur
905 3284 1089 3360 quibusdam

111 3371 282 3432 extrahere.
305 3380 378 3448 post
389 3387 548 3443 sermones
559 3378 662 3433 tamen
673 3371 783 3435 consul
794 3369 962 3432 orationem
974 3364 1088 3425 habuit

110 3452 273 3516 XXXVIII.
295 3455 353 3531 ,,Ρ.
368 3455 491 3530 Nasica,
514 3456 655 3530 egreglus
673 3455 872 3526 adolescens,
892 3465 932 3510 ex
947 3445 1089 3509 omuibus
1164 3450 1177 3461 “

110 3551 192 3598 unus
207 3538 320 3613 quibus
334 3538 479 3601 hesterno
495 3539 545 3600 dle
557 3538 689 3614 pugnari
700 3537 823 3613 placuit,
839 3529 1006 3594 denudavit
1015 3527 1088 3589 mibi
