2642 4017
240 239 285 303 so
417 234 607 297 Lmnnxn.
631 234 827 296 amanen.
849 235 885 313 [a.
899 235 1046 311 naen]

220 393 322 454 libus
342 387 577 466 provincialium
596 388 780 449 auxiliorum
802 388 962 449 circumire
982 397 1116 450 montem
1130 390 1221 467 iubet,

238 477 293 553 qui
307 476 346 536 ab
360 480 446 550 tergo
461 473 603 534 hostibus
619 477 700 541 erat3
724 470 810 546 inde,
826 472 878 533 ubi
893 472 1058 533 clamorem
1072 474 1221 543 audisset,

236 562 404 620 decurrere
423 558 464 618 od
485 563 586 617 eastra
603 571 720 616 eorum.
750 563 841 617 nocte
855 555 985 632 protecti
999 565 1079 630 sunt
1094 573 1135 618 ne
1148 574 1223 634 pos-

238 650 308 705 sent
328 641 477 718 conspici.
504 640 633 701 Flaccus
647 640 718 700 luce
732 639 830 716 primu
845 639 876 700 G.
892 639 1085 702 Scribonium
1101 643 1221 717 praele-

236 735 320 789 ctum
334 726 452 789 socium
466 724 506 785 ad
520 725 634 784 vallum
647 723 782 784 hostium
798 739 867 784 curn
882 722 1036 799 equitibus
1052 727 1222 787 extraordi-

236 811 331 873 nariis
352 809 495 872 sinistrae
515 810 583 869 alae
596 807 700 876 mittit;
724 823 803 884 quos
817 807 870 869 ubi
884 814 914 868 et
928 807 1057 884 propius
1072 809 1223 871 accedere

234 903 268 957 et
281 898 386 972 plures
403 909 494 970 quam
509 889 590 953 soliti
605 898 693 951 erant
706 891 847 953 Celtiberi
862 901 1105 968 conspexerunt,
1121 893 1221 956 omnis

234 980 392 1055 equitatus
406 976 572 1039 etlunditur
586 976 712 1050 castris,
728 975 818 1037 simul
832 982 864 1036 et
878 977 1030 1051 peditibus
1045 977 1167 1053 signum
1182 979 1221 1038 ad

237 1063 413 1124 exeundum
434 1062 533 1121 datur.
561 1059 759 1134 Scribonius,
784 1058 827 1120 uti
849 1067 1046 1136 praeceptum
1068 1067 1148 1135 erat,
1169 1061 1222 1122 ubi

236 1149 368 1222 primum
379 1145 531 1207 tremitum
542 1142 965 1219 equestremaudivitavertit
974 1160 1074 1219 equos
1084 1153 1223 1208 etcastra

235 1229 355 1306 repetit.
385 1245 423 1290 eo
439 1228 569 1290 etlusius
584 1227 675 1304 sequi
689 1229 805 1289 hostes.
832 1227 929 1304 primo
946 1230 1082 1305 equites,
1104 1246 1177 1290 mox
1191 1237 1223 1290 et
1288 1256 1293 1263 ·

236 1314 373 1390 peditum
393 1313 478 1374 acies
499 1312 618 1384 aderat,
640 1312 724 1374 haud
744 1312 838 1373 dubia
856 1328 915 1388 spe
935 1319 1037 1374 castra
1057 1327 1095 1373 eo
1116 1313 1167 1374 die
1187 1329 1222 1374 se

238 1404 481 1475 oppugnaturos.
515 1396 699 1471 quingentos
720 1412 851 1471 passus,
871 1411 933 1457 non
954 1398 1025 1473 plus
1040 1412 1059 1456 a
1072 1397 1154 1457 vallo
1169 1397 1221 1457 ab·

234 1490 331 1544 erant.
354 1483 457 1558 itaque
470 1481 600 1542 Flaccus
615 1481 668 1542 ubi
682 1481 758 1542 satis
773 1480 945 1542 abstractos
959 1496 1016 1542 eos
1031 1497 1051 1540 a
1065 1480 1220 1556 praesidio

235 1573 407 1628 castrorum
418 1580 544 1627 suorum
553 1573 640 1626 ratus
650 1565 794 1637 est,intra
804 1566 916 1625 vultum
928 1564 1065 1626 exercitu
1074 1564 1221 1626 instructo

236 1650 334 1710 tn'bus
349 1650 488 1726 partibus
503 1650 593 1711 simul
608 1649 748 1725 erumpit,
764 1650 897 1709 clamore
911 1665 973 1710 non
986 1656 1104 1710 tantum
1118 1650 1158 1710 ad
1174 1665 1221 1709 ar·

232 1735 343 1794 dorem
362 1749 484 1809 pugnae
504 1734 700 1794 excitandum
722 1733 857 1808 sublato,
883 1734 940 1793 sed
960 1732 1050 1794 etiam
1069 1740 1104 1794 ut
1124 1733 1221 1809 quiin

237 1817 392 1879 montibus
413 1825 499 1878 erant
519 1817 709 1878 exaudirent.
742 1832 800 1878 nec
814 1818 922 1878 morati
937 1824 1008 1878 sunt
1023 1819 1095 1893 quin
1114 1817 1221 1878 decur-

237 1907 353 1975 rerent,
369 1902 449 1962 sicut
463 1901 644 1976 imperatum
659 1907 734 1975 crat,
750 1901 790 1961 ad
805 1908 924 1971 castra3
947 1902 1000 1961 ubi
1017 1901 1152 1977 quinque
1166 1900 1222 1961 mi·

229 1985 310 2047 lium
324 1992 523 2059 armatorum,
545 2001 607 2046 non
621 1984 768 2061 amplius,
791 1985 928 2046 relictum
944 1991 1010 2045 erat
1023 1984 1222 2061 praesidium.

239 2084 319 2145 quos
340 2086 410 2132 cum
424 2075 455 2130 et
471 2069 609 2144 paucitas
625 2084 683 2129 sua
698 2074 729 2128 et
741 2068 901 2129 multitudo
915 2068 1050 2130 hostium
1064 2076 1095 2130 et
1108 2069 1222 2145 impro-

235 2152 306 2214 visa
317 2170 370 2215 res
383 2153 553 2229 terruisset,
568 2168 667 2251 prope
682 2154 749 2213 sine
763 2153 927 2214 certamine
939 2151 1100 2252 capiuntur
1112 2162 1222 2215 eastra.

235 2237 348 2299 castris
370 2254 452 2315 quae
471 2253 545 2313 pars
565 2238 698 2298 maxime
718 2237 924 2313 pugnantibus
939 2238 1078 2318 conspici
1093 2243 1222 2314 poterat,

237 2306 347 2384 iniecit
353 2322 499 2385 Acilius
491 2338 601 2398 ignem.
633 2321 753 2381 XXXII.
775 2322 922 2396 postremi
938 2323 1155 2386 celtiberorum
1171 2320 1223 2399 qul

237 2406 268 2466 in
293 2407 361 2468 acie
383 2413 485 2480 erant,
514 2404 604 2482 primi
627 2399 781 2464 flammam
801 2422 1008 2503 conspexere,
1036 2408 1147 2469 deinde
1168 2422 1225 2482 per

234 2496 331 2552 totam
351 2488 447 2550 aciem
468 2490 624 2563 vulgatum
639 2495 688 2547 est
701 2496 802 2549 castra
816 2490 931 2551 amissa
945 2506 1017 2552 esse
1031 2499 1063 2552 et
1075 2500 1139 2553 tum
1154 2507 1223 2552 eum

236 2572 370 2632 maxime
390 2572 508 2630 ardere.
537 2571 620 2631 unde
641 2571 701 2631 illis
716 2578 829 2646 terror,
851 2574 923 2634 inde
938 2575 1084 2637 Romanis
1103 2576 1223 2637 animus

237 2653 343 2716 crevit.
366 2654 425 2714 iam
441 2655 557 2723 elamor
571 2669 698 2715 suorum
713 2654 897 2717 vincentium
913 2660 1081 2734 accidebat,
1100 2660 1159 2719 lam
1174 2675 1223 2720 ar·

238 2738 342 2798 dentia
354 2738 488 2799 hostium
504 2746 606 2800 eastra
619 2739 819 2815 apparebant.
842 2742 982 2803 celtiberi
997 2759 1163 2819 parumper
1177 2743 1223 2803 in-

237 2823 331 2884 certis
353 2822 461 2885 animis
482 2822 619 2886 fluctuati
640 2831 726 2885 sunta
749 2831 883 2885 ceterum
899 2836 1062 2902 postquam
1077 2834 1224 2905 receptus

237 2907 336 2981 pulsis
361 2908 463 2970 nullus
485 2917 564 2984 arat,
592 2925 651 2971 nec
671 2925 803 2985 usquam
822 2907 882 2970 nisi
902 2912 932 2971 in
953 2912 1118 2974 certamine
1138 2928 1224 2989 spes,

238 2990 423 3065 pertinacius
438 2993 479 3055 de
494 2994 612 3071 integro
629 2999 798 3071 capessunt
813 3011 955 3071 pugnam.
977 2998 1043 3057 acie
1057 2997 1159 3057 media
1172 3013 1225 3058 ur-

236 3075 387 3148 gebantur
397 3078 535 3139 acritera
548 3081 653 3155 quinta
668 3077 803 3155 legione:
819 3080 971 3141 adversus
983 3081 1104 3143 laevum
1116 3098 1225 3153 cornu,

236 3157 267 3218 in
284 3175 346 3234 quo
367 3161 415 3220 sui
434 3162 557 3238 generis
572 3164 774 3238 provincialia
788 3162 901 3225 auxilia
914 3165 1099 3228 instruxisse
1111 3167 1229 3230 Roma-

236 3257 295 3303 nos
316 3244 496 3321 cernebant,
517 3262 585 3306 curn
601 3248 717 3308 maiore
732 3247 845 3309 fiducia
860 3249 1024 3311 intulerunt
1038 3251 1135 3326 signa.
1163 3250 1225 3312 iam

237 3343 336 3405 prope
360 3336 426 3389 erat
438 3336 472 3389 ut
486 3330 640 3392 sinistrum
656 3347 751 3393 cornu
767 3333 930 3408 pelleretur
943 3334 1105 3407 Romanis,
1127 3334 1159 3394 ni
1174 3350 1226 3395 sc

238 3413 331 3487 ptima
345 3413 425 3489 legio
441 3415 657 3477 successisset
679 3415 770 3476 simul
785 3418 825 3477 ab
839 3419 956 3492 oppido
971 3419 1106 3495 Aebura,
1121 3418 1174 3497 qui
1191 3417 1223 3480 ln

237 3498 393 3570 praesidio
413 3499 509 3560 relicti
530 3506 631 3572 erant,
652 3498 684 3560 in
703 3500 804 3562 modio
826 3502 937 3563 ardore
950 3519 1074 3579 pugnae
1089 3505 1224 3565 advene·
