2642 4017
276 249 391 310 LIBER
404 250 493 310 XLII.
516 251 598 311 CAP.
614 261 656 315 16.
670 261 713 317 17.
735 260 771 327 [a.
784 261 816 320 C.
829 263 891 330 172]
1009 259 1073 327 143

173 401 254 468 xvi.
272 400 422 460 Latrones
438 415 507 462 cum
522 400 608 462 brevi
623 401 783 464 circumitu
796 405 946 467 maceriae
962 409 1067 470 decur-

86 500 159 546 rere
173 485 213 544 ad
227 484 452 563 conficiendum
470 484 769 563 saucium‘possent,
790 490 874 550 velut
885 492 1022 566 perfecta
1035 510 1073 554 re

87 569 120 629 in
134 567 241 644 iugum
254 567 383 628 Parnasi
395 569 575 643 refugerunt
589 586 627 631 eo
642 586 744 644 cursu,
765 579 807 646 ut,
829 588 898 633 cunr
912 591 992 635 unus
1007 593 1069 637 non

87 651 178 713 facile
199 652 360 727 sequendo
384 668 442 728 per
461 652 544 713 invia
563 662 657 729 atque
672 656 768 715 ardua
783 663 953 719 moraretur
966 659 1071 736 lugam

86 753 211 810 eorum,
232 751 272 796 ne
294 752 333 795 ex
347 750 533 811 comprenso
547 736 693 798 indicium
708 745 880 814 emanaret,
902 741 1073 806 occiderint

86 820 241 882 comitem.
262 820 303 880 ad
323 834 440 895 corpus
459 820 542 896 regis
563 822 661 897 primo
683 824 772 884 amici
793 823 905 885 deinde
920 825 1070 889 satellites

85 921 124 966 ac
138 902 223 965 servi
240 910 474 977 concurrerunt,
496 906 638 966 tollentes
654 907 788 982 sopitum
802 910 929 970 vulnere
944 925 981 970 ac
995 910 1070 972 nihil

84 987 277 1049 sentientem.
299 987 403 1048 vivere
423 995 524 1049 tamen
544 1004 584 1050 ex
605 991 708 1051 calore
723 998 754 1053 el
767 991 879 1067 spiritu
891 1004 1071 1057 remanente

82 1071 116 1133 in
131 1069 323 1149 praecordiis
338 1081 517 1133 senseruntz
530 1073 679 1135 victurum
695 1075 807 1151 exigua
821 1091 858 1136 ac
872 1092 971 1153 prope
984 1080 1075 1141 nulla.

83 1171 163 1232 spes
184 1163 257 1217 erat.
284 1156 408 1232 quidam
429 1171 469 1216 ex
490 1157 670 1220 satellitibus
689 1160 787 1221 secuti
807 1162 958 1222 latronum
972 1162 1067 1224 vesti·

82 1241 144 1316 gia,
160 1255 230 1300 cum
241 1255 342 1315 usque
357 1241 397 1300 ad
408 1240 511 1315 iugum
526 1241 652 1305 Parnasi
666 1244 853 1320 nequiquam
867 1244 982 1321 fatigati
996 1261 1066 1321 per·

82 1324 254 1399 venissent,
269 1339 304 1384 re
317 1324 430 1384 infecta
444 1325 608 1388 redierunt.
632 1328 773 1402 adgressi
788 1328 907 1389 facinus
921 1327 1069 1389 Macedo·
1106 1331 1115 1346 '

82 1425 140 1469 nes
162 1414 196 1469 ut
214 1408 386 1470 inconsulte
406 1409 448 1469 ita
468 1411 630 1483 audacter,
653 1417 795 1486 coeptum
810 1427 867 1472 nec
882 1413 1021 1472 consulte
1036 1418 1066 1474 el

81 1492 188 1554 timide
198 1493 395 1567 reliquerunt.
407 1502 580 1570 compotem
591 1493 651 1555 iarn
662 1496 711 1555 sui
722 1510 827 1570 regern
838 1494 926 1554 amici
938 1501 1069 1570 postero

82 1577 135 1636 die
154 1577 295 1636 deferunt
309 1577 348 1636 ad
363 1593 487 1647 navem;
510 1578 582 1637 inde
597 1576 782 1652 Corinthum,
795 1577 836 1636 ab
850 1578 993 1639 Corintho
1009 1593 1069 1654 per

81 1659 190 1721 lsthnri
201 1660 305 1735 iugum
316 1660 447 1721 navibus
458 1661 762 1736 traductisAeginam
774 1660 923 1723 naiciunt.
935 1660 1068 1723 ibiadeo

81 1750 204 1805 secreta
218 1745 285 1804 elus
297 1744 413 1805 curatio
430 1744 495 1818 fuit,
516 1743 743 1805 admittentibus
757 1745 916 1821 neminem,
937 1753 971 1808 ut
983 1748 1065 1806 fama

79 1836 235 1889 mortulam
260 1828 291 1889 in
311 1828 418 1888 Asiam
445 1829 603 1904 perferret.
637 1829 759 1890 Attalus
787 1845 912 1905 quoque
933 1831 1068 1892 celerius

81 1929 176 1989 quam
197 1912 320 1987 dignum
341 1912 508 1974 eoncordia
529 1913 662 1974 fraterna
683 1919 749 1973 erat
770 1913 913 1973 credidit=
941 1929 1011 1974 narn
1032 1921 1063 1973 et

81 2012 153 2056 cum
173 2014 271 2058 uxore
292 1997 394 2057 fratris
415 2003 445 2058 et
463 1998 620 2072 praefecto
642 1997 706 2057 arci
726 2004 881 2072 tamquam
901 1996 961 2058 iarn
981 1996 1062 2057 haud

80 2078 197 2141 dubius
210 2082 297 2156 regni
313 2081 404 2141 heres
419 2087 468 2141 est
480 2083 611 2142 loeutus.
634 2097 715 2156 quae
728 2087 837 2156 postea
852 2097 913 2142 non
927 2080 1066 2141 fefellere

76 2161 254 2234 Eumenem
275 2172 306 2226 et
327 2180 513 2240 quamquam
534 2165 728 2226 dissimulare
748 2171 778 2225 et
799 2162 890 2225 tacite
903 2163 1017 2225 habere
1030 2162 1064 2223 id

78 2247 209 2324 patique
224 2254 385 2323 statuerat,
404 2256 505 2309 mmen
524 2249 555 2309 in
570 2250 669 2325 primo
684 2265 854 2324 congressu
871 2265 933 2310 non
947 2254 1062 2323 tempe·

76 2332 174 2408 ravit,
197 2335 270 2410 quin
294 2333 400 2394 uxoris
421 2333 573 2408 petendae
594 2340 817 2409 praematuram
838 2331 1064 2393 festinationem

78 2417 166 2477 fratri
187 2417 333 2478 obiceret.
361 2419 490 2478 Romam
511 2432 636 2494 quoque
656 2419 737 2478 fama
752 2418 791 2477 de
805 2424 903 2478 morte
916 2415 1065 2477 Eumenis

77 2502 200 2577 perlata
213 2510 271 2563 est.

164 2585 258 2646 XVII.
281 2584 344 2647 Sub
361 2586 442 2647 idem
456 2592 578 2661 tempus
594 2585 626 2645 C.
639 2585 783 2648 Valerius
799 2602 838 2646 ex
854 2584 990 2656 Graecia,
1009 2584 1062 2660 qui

76 2670 200 2745 legatus
215 2671 255 2730 ad
270 2668 432 2731 visendum
447 2677 558 2732 statum
572 2670 709 2745 regionis
724 2670 791 2731 eius
807 2670 1065 2746 speculandaque

76 2753 209 2814 consilia
221 2753 326 2815 Persei
341 2755 424 2829 regis
439 2753 553 2814 missus
568 2760 648 2827 erat,
674 2755 777 2826 rediit,
801 2753 1062 2829 congruentiaque

77 2837 183 2898 omnia
203 2838 379 2899 crindnibus
395 2838 433 2899 ab
447 2839 584 2899 Eumene
598 2836 708 2898 adlatis
729 2837 891 2898 referebat.
921 2837 1011 2898 simul
1032 2843 1065 2897 et

75 2922 250 2981 adduxerat
265 2939 371 2983 secum
385 2922 485 2983 Praxo
503 2938 521 2980 a
534 2920 672 2997 Delphis,
694 2922 782 2982 cuius
797 2922 907 2983 domus
921 2927 1059 2996 recepta·

76 3007 181 3066 culum
195 3006 345 3068 latronum
361 3007 467 3081 fuerat,
489 3012 519 3067 et
532 3005 566 3064 L.
581 3003 752 3066 Rammium
765 3005 992 3077 Brundisinum,
1008 3004 1061 3080 qui
1123 3074 1126 3079 ¹

74 3089 147 3149 talis
162 3088 265 3149 indicii
280 3091 399 3152 delator
410 3096 483 3150 erat.
497 3090 642 3165 princeps
654 3087 808 3149 Brundisii
820 3089 976 3149 Rammius
988 3086 1062 3157 fuitr

74 3172 213 3248 hospitio
230 3189 356 3250 quoque
377 3181 408 3236 et
421 3174 518 3235 duces
532 3174 690 3234 Romanos
707 3187 814 3232 ornnes
828 3179 860 3233 et
872 3174 991 3248 legatos
1006 3187 1045 3232 ex

76 3262 211 3317 terarum
227 3274 353 3333 quoque
363 3260 499 3334 gentium
510 3256 658 3332 insignes,
673 3256 841 3332 praecipue
851 3256 964 3332 regios,
980 3255 1053 3315 acci·
1110 3292 1113 3297 -

75 3339 190 3415 piebat.
220 3356 260 3402 ex
274 3358 313 3403 eo
329 3341 434 3404 notitia
448 3344 476 3402 ei
491 3357 561 3403 cum
576 3342 704 3401 absente
718 3340 831 3403 Perseo
846 3342 961 3410 fuerat;
982 3339 1059 3398 litte·

75 3421 183 3501 risque
198 3441 287 3501 spem
301 3425 451 3488 amicitiae
466 3424 620 3487 interioris
632 3441 825 3501 magnaeque
836 3425 907 3485 inde
919 3425 1063 3483 fortunae

76 3506 259 3571 facientibus
275 3511 316 3571 ad
329 3526 434 3587 regem
448 3511 607 3588 profectus
622 3509 709 3570 brevi
724 3506 938 3585 perfamiliaris
952 3502 1061 3562 haberi
