2642 4017
249 251 365 312 LIBER
377 251 510 311 XXXIX.
533 252 615 312 CAP.
629 261 656 316 9.
669 263 712 315 10.
728 264 770 315 ll.
793 261 829 327 [e.
845 259 878 312 c.
896 262 958 327 186]
1072 253 1093 314 9

107 408 253 465 cesserat
263 400 487 462 consuetudine
498 409 597 477 capla,
612 411 647 465 ut
656 411 731 480 post
742 405 860 479 patroni
872 412 1006 478 mortem,
1022 407 1094 482 qula

107 486 142 547 in
159 485 275 545 nullius
289 500 385 545 manu
396 492 478 559 etat,
498 491 599 547 tutore
613 503 632 548 a
645 486 775 548 tribunis
789 495 820 549 et
834 495 975 563 praetere
990 490 1093 563 petito,

108 586 184 630 cum
197 574 411 628 testamentum
426 568 548 644 laceret,
568 586 662 630 unum
677 569 841 631 Aebutium
859 570 1029 632 institueret
1041 570 1092 631 be

107 654 227 713 rodem.
257 651 294 710 x.
316 649 395 710 haee
415 651 527 714 amoris
548 653 679 728 pignora
698 669 768 714 cum
786 661 909 727 essent,
931 668 989 713 uec
1009 654 1092 729 quic-

107 751 207 811 quam
224 741 378 795 seerstum
393 734 521 804 alterae
536 737 632 798 altero
646 736 808 810 baberent,
831 751 887 812 per
903 737 1005 798 iocum
1019 736 1091 798 ado·

107 821 236 879 lescens
247 823 330 878 vetat
341 832 410 878 earn
419 818 874 896 mirari‚siperaliquetnectes
885 818 1093 881 secubuisseb

106 898 270 976 religionis
286 915 322 960 se
336 915 441 972 causa,
456 908 490 962 ut
502 908 577 963 vote
591 918 648 978 pro
665 903 838 964 valetudine
850 919 910 963 sua
923 903 1004 963 iacto
1019 900 1095 964 libe·

105 992 204 1059 retur,
216 982 352 1043 Bacchis
368 982 480 1044 initiari
493 986 581 1046 velle.
614 986 645 1045 id
661 985 714 1046 ubi
724 986 834 1047 mulier
847 984 963 1046 audivit
976 993 1093 1061 pertur-

107 1069 186 1128 bate
199 1067 263 1140 „dii
276 1067 441 1127 meliorat“
462 1066 576 1143 inquit:
598 1069 677 1130 mori
690 1075 722 1129 et
736 1068 794 1128 sibi
809 1075 840 1129 et
851 1068 894 1128 ilii
909 1069 1006 1130 satius
1021 1085 1094 1131 esse

109 1166 205 1225 quatu
225 1150 259 1209 id
273 1150 404 1219 facerea
424 1150 500 1211 etin
514 1159 607 1227 eaput
618 1166 728 1213 eorum
741 1152 887 1213 demetam·
901 1153 999 1214 ninas
1015 1153 1094 1228 peri·

106 1236 256 1308 culaque,
272 1233 324 1308 qui
338 1232 371 1291 id
384 1234 566 1295 suasissent.
588 1233 756 1296 admiratus
768 1249 836 1296 cum
846 1234 942 1297 verba
951 1243 1015 1297 tunt
1026 1250 1093 1311 per·

106 1317 318 1378 turbationem
338 1321 453 1378 tantam
473 1317 657 1379 adolescens
678 1332 806 1393 parcere
828 1319 1095 1379 exsecrationibus

106 1401 209 1460 iubet=
227 1407 353 1459 mouent
362 1399 396 1459 id
406 1400 466 1460 sibi
476 1401 669 1463 adsentiente
679 1401 785 1462 vitrico
797 1402 977 1477 imperasse.
991 1401 1094 1474 „vitri-

108 1500 168 1543 cus
181 1486 279 1557 ecgm‘
291 1481 392 1557 inquit
405 1490 678 1556 „tuus-matrem
688 1485 769 1545 euim
779 1483 956 1545 insimulare
968 1484 1095 1545 forsitan

107 1568 160 1627 las
174 1582 238 1627 non
254 1563 347 1625 sit-
357 1566 535 1640 pudicitiam
546 1568 656 1628 ioman
668 1583 758 1642 spem
767 1567 922 1642 vitamque
932 1573 1015 1627 tuam
1026 1583 1096 1644 per·

109 1650 209 1710 ditum
221 1650 269 1710 irc
281 1649 342 1708 boc
357 1649 437 1711 lacto
449 1655 625 1726 properat“
645 1666 685 1712 ao
700 1650 797 1726 magis
808 1650 990 1712 mirabundo
1002 1644 1096 1727 quae

107 1734 269 1808 uentique,
292 1730 367 1807 quid
382 1733 427 1793 rei
441 1740 540 1807 esset,
562 1749 672 1810 pacem
685 1733 868 1811 veniamque
880 1741 1007 1809 precata
1021 1736 1094 1795 deo·

106 1834 181 1877 rum
197 1817 404 1892 uacuumque,
423 1817 573 1878 dcoacm
587 1817 713 1878 caritate
727 1817 793 1877 eius
808 1817 928 1879 silenda
941 1818 1095 1879 enuntias·

109 1899 318 1973 seuaneillam
329 1915 366 1960 ee
376 1900 420 1962 ait
430 1899 572 1963 dominae
583 1900 725 1961 comitem
735 1898 767 1959 id
779 1899 946 1961 sacrarium
955 1899 1096 1973 intrasse,

103 1982 241 2044 liberam
268 1998 435 2059 numquam
459 2000 498 2046 so
519 1983 706 2045 accessisse.
747 1980 827 2044 scire
856 1984 1097 2057 corruptelarum

110 2066 214 2127 omnis
234 2066 357 2141 generis
379 2081 447 2126 eam
471 2066 626 2128 cilicinam
644 2082 735 2138 esse;
762 2074 793 2128 st
812 2064 873 2127 iam
886 2065 1009 2128 biennio
1024 2081 1096 2128 con·

110 2157 197 2211 stare
208 2150 360 2212 nerninem
371 2149 519 2212 initiatum
530 2150 572 2211 ibi
583 2150 729 2211 maiorem
740 2150 829 2213 annis
840 2149 956 2226 viginti.
967 2156 1001 2211 ut
1013 2150 1094 2225 quis·

112 2248 177 2308 que
201 2233 394 2294 introductus
416 2231 471 2308 sit,
496 2234 581 2295 velut
598 2233 752 2295 victimam
772 2234 850 2296 tradi
871 2231 1096 2295 sacerdotibus.

110 2331 170 2377 eos
191 2316 347 2377 deducere
360 2314 392 2375 in
405 2316 509 2378 locum
525 2318 577 2393 qui
591 2317 799 2378 circumsonet
810 2315 976 2377 ululatibus
991 2322 1092 2376 eantu-

111 2414 175 2475 qua
196 2398 401 2477 symphoniae
424 2406 455 2461 et
475 2400 686 2478 cymbalorum
707 2408 738 2463 et
756 2407 975 2478 tympanorum
996 2398 1097 2473 pulsu,

110 2499 154 2542 ne
165 2499 231 2543 vox
247 2481 434 2558 quiriuntis,
449 2499 518 2544 cum
533 2499 589 2560 per
600 2482 664 2545 vim
677 2493 818 2560 stuprum
831 2481 987 2556 inieratur,
1003 2496 1097 2542 exau·

111 2567 172 2627 diri
191 2565 302 2641 possit
332 2582 422 2627 orare
442 2568 554 2628 wude
573 2574 669 2643 atque
692 2567 871 2638 obsecrare,
892 2571 926 2627 ut
945 2580 1013 2626 eam
1033 2579 1097 2625 rent

112 2664 312 2725 quorumque
327 2650 494 2712 discuteret
506 2652 615 2723 modo‚
630 2667 688 2711 nec
703 2666 739 2711 se
753 2665 791 2711 so
806 2650 1030 2726 praecipitaret,
1045 2648 1098 2710 ubi

113 2734 219 2795 omnia
238 2733 364 2794 infanda
375 2734 522 2809 patienda
535 2734 680 2809 primurn,
701 2733 813 2795 deinde
827 2732 968 2794 iacienda
981 2741 1098 2794 essent

113 2832 219 2893 neque
231 2824 303 2877 ante
318 2814 433 2877 dimisit
445 2832 531 2891 eum,
547 2833 639 2893 quam
652 2817 744 2878 tidem
759 2816 845 2877 dedit
858 2817 1043 2877 adolescens
1058 2815 1098 2876 ab

112 2900 163 2961 bis
177 2901 276 2961 sacris
290 2916 327 2961 se
341 2907 588 2976 temperaturum
612 2900 664 2961 XI.
685 2909 851 2977 postquem
866 2900 991 2961 domum
1005 2897 1106 2972 venit,-

113 2991 146 3043 et
162 2991 261 3045 mater
279 2983 465 3045 mentionem
485 2985 597 3058 intulit,
619 2983 694 3060 quid
715 3002 753 3046 ec
774 2983 838 3056 die,
861 2983 935 3060 quid
949 2983 1098 3058 deinceps

114 3067 235 3139 ceteris,
252 3083 333 3143 quae
347 3069 389 3127 ad
401 3084 493 3129 sacra
502 3068 698 3145 pertinerent,
713 3067 885 3129 laciendum
898 3075 991 3143 esset,
1006 3072 1099 3143 negat

110 3164 222 3212 comm
243 3166 280 3211 se
300 3152 466 3226 quicquam
488 3153 651 3225 iactuum,
672 3167 731 3212 nec
750 3151 863 3213 initiari
875 3152 934 3212 sibi
948 3149 980 3212 in
996 3149 1098 3212 animo

111 3248 195 3294 esse.
218 3235 325 3295 aderat
339 3233 474 3296 emmoni
488 3235 624 3296 vitricus.
649 3235 812 3296 confestim
824 3236 934 3296 mulier
948 3236 1099 3295 exclamat

112 3316 262 3392 Hispalae
277 3318 444 3380 concubitu
458 3334 563 3380 carere
577 3334 648 3380 eum
662 3318 771 3380 decem
784 3325 892 3380 noctes
907 3335 969 3380 non
984 3330 1095 3393 poese;

113 3399 195 3461 illius
218 3408 364 3461 excetrae
384 3399 598 3463 delenimentis
620 3409 652 3463 et
664 3403 793 3464 venenis
810 3403 957 3466 imbutum
970 3413 1029 3460 uec
1043 3411 1100 3470 pa·

113 3484 209 3545 realis
231 3499 290 3545 nee
309 3484 409 3546 vitrici
429 3500 488 3546 nec
509 3485 638 3547 deorum
657 3487 875 3548 verecundiam
890 3485 1013 3545 habere.
1036 3477 1101 3539 iur-
