2642 4017
221 279 281 342 293
406 278 522 338 uisse
535 278 627 338 xiv,
650 276 734 336 chr.
749 284 793 338 ts.
817 276 853 353 p.
866 276 1011 354 neme]

222 430 317 492 laniae
335 429 486 491 calendae
506 430 638 490 ruerunt.
666 443 765 504 augur
784 443 822 489 eo
844 444 925 489 anno
946 436 1084 491 mortuus
1106 436 1153 490 est
1170 430 1232 491 cf

220 514 380 575 claudium
407 514 438 573 in
459 512 526 573 eius
547 512 648 572 locum
669 527 802 585 augures
821 512 961 587 legerunt
980 513 1013 571 T.
1030 510 1204 586 Quinctium

218 597 427 658 Flamininum.
442 603 473 656 et
485 594 596 655 flamen
605 594 767 669 Quirinalis
779 601 917 656 mortuus
926 595 1079 669 Q.Fabius
1089 596 1204 658 Pictor.

303 681 349 741 Eo
370 696 451 741 anno
471 694 528 739 rex
549 678 674 740 Prusias
694 678 780 740 venit
796 680 925 740 Romam
947 694 1015 739 cum
1030 679 1093 739 diio
1107 679 1203 742 Nico·

219 766 318 827 mede.
346 762 374 824 is
394 777 505 839 magno
528 762 672 823 comitatu
691 760 798 822 urbem
818 762 979 837 ingressus
999 763 1040 822 ad
1060 764 1160 823 iorum
1183 780 1204 825 a

219 856 308 927 porta
321 848 515 923 tribunalque
530 846 564 920 Q.
581 843 680 907 cassii
694 847 846 921 praetoris
861 843 1013 921 perrexit;
1029 862 1202 908 concursu-

220 948 281 1009 que
299 932 438 1007 undique
458 932 539 991 iacto
555 930 647 1005 deos,
672 928 725 1004 qui
744 929 852 990 urbem
871 930 1000 990 Romam
1020 929 1201 1005 incolerent,

219 1021 422 1089 senatumque
452 1021 483 1074 et
507 1017 657 1088 poputum
680 1013 850 1074 Romanum
877 1014 1040 1074 salutatum
1065 1030 1101 1075 se
1122 1014 1203 1075 dixit

217 1096 359 1170 venisse,
382 1103 412 1156 et
430 1096 626 1172 gratulatum,
647 1096 732 1173 quod
750 1096 865 1157 Persea
885 1097 1088 1173 Gentiumque
1107 1113 1201 1173 reges

218 1179 375 1254 vicissent
389 1179 676 1255 Macedonibusque
689 1188 720 1240 et
732 1181 845 1259 Illyriis
856 1180 887 1240 in
902 1180 1053 1241 dicionem
1064 1181 1200 1242 redactis

221 1264 382 1325 auxissent
395 1263 565 1339 imperium.
589 1280 659 1325 eum
674 1270 799 1339 praetor
814 1269 953 1325 senatum
969 1263 1007 1337 ei,
1021 1263 1049 1324 si
1063 1265 1144 1338 velit,
1160 1280 1200 1325 eo

219 1348 269 1409 die
284 1348 424 1408 daturum
437 1347 575 1423 dixisset
590 1347 717 1409 biduum
733 1347 826 1424 petiit,
843 1363 905 1423 quo
920 1348 1034 1422 templa
1044 1348 1136 1408 deum
1146 1364 1200 1408 ur-

217 1431 351 1507 bemque
365 1437 396 1492 st
408 1431 548 1507 hospites
563 1431 743 1506 amicosque
756 1432 879 1492 viseret
903 1431 993 1491 datus
1006 1431 1058 1506 qui
1070 1429 1200 1492 choum-

219 1516 347 1577 duceret
356 1530 435 1589 eum,
449 1515 483 1575 L.
496 1513 654 1578 Cornelius
667 1513 773 1590 Scipio
786 1523 940 1592 quaestor,
957 1514 1010 1589 qui
1020 1521 1051 1574 et
1061 1514 1199 1589 Capuam

218 1600 247 1660 ei
259 1598 379 1660 obviam
391 1597 506 1660 missus
518 1600 633 1669 ineram
645 1605 676 1659 et
686 1598 790 1672 aedes,
804 1613 884 1673 quae
894 1598 997 1673 ipsum
1007 1599 1201 1674 comitesque

218 1683 284 1743 eius
298 1682 429 1756 benigne
442 1683 629 1758 reciperent,
651 1682 831 1743 conductae.
852 1682 941 1742 tertio
956 1688 1029 1756 post
1042 1681 1093 1741 die
1107 1696 1199 1741 sena-

217 1774 280 1826 tum
306 1765 394 1835 adita
421 1768 589 1840 gratulatus
617 1765 774 1827 victoriam
800 1773 863 1836 est3
893 1766 1001 1825 merita
1027 1782 1085 1826 sua
1105 1765 1136 1824 in
1157 1781 1198 1826 eo

217 1849 298 1909 bello
312 1848 573 1920 commemoravit3
596 1849 691 1924 petiit,
705 1855 853 1910 utvotum
864 1848 922 1909 sibi
934 1849 1065 1922 solvere,
1079 1850 1199 1909 Romae

217 1933 248 1992 in
269 1931 417 2007 Capitolio
445 1933 553 1993 decem
578 1934 711 1994 maiores
731 1931 849 1994 hostias
870 1939 902 1993 et
919 1931 1085 1992 Praeneste
1104 1948 1197 1992 unam
1260 1981 1265 1984 .

216 2017 384 2092 Fortunae,
409 2014 532 2077 liceret=
559 2032 597 2076 ea
616 2023 689 2078 vota
708 2033 766 2092 pro
791 2016 920 2077 victoria
939 2016 1047 2091 populi
1066 2016 1197 2077 Romani

218 2116 300 2161 esse.
323 2107 353 2161 et
371 2107 405 2161 ut
425 2099 559 2162 societas
575 2115 680 2162 secum
694 2106 911 2170 renovaretum
931 2114 1067 2175 agerque
1081 2098 1141 2160 sibi
1157 2100 1198 2160 de

218 2198 291 2260 rege
302 2184 455 2246 Antiocho
464 2193 584 2260 captus,
597 2200 689 2260 quem
700 2184 774 2244 nulli
786 2183 889 2244 datum
901 2198 920 2241 a
930 2184 1047 2258 populo
1055 2184 1197 2244 Romano

219 2268 295 2328 Galli
314 2268 525 2343 possiderent,
547 2270 680 2330 daretur.
709 2268 803 2329 filium
825 2273 980 2342 postremo
1000 2266 1197 2328 Nicomedem

218 2352 336 2411 senatui
352 2347 585 2413 commendavit
609 2352 741 2412 omnium
758 2350 810 2427 qui
824 2350 855 2410 in
869 2349 1051 2411 Macedonia
1064 2350 1195 2426 impera-

174 2491 180 2504 ,
219 2441 300 2496 tores
315 2435 435 2495 fuerant
447 2436 555 2495 favore
569 2440 618 2495 cst
631 2436 763 2495 adiutus.
781 2435 884 2510 itaque
899 2441 1000 2494 cetera
1015 2449 1096 2509 quac
1110 2441 1196 2509 pete-

219 2526 269 2579 net
283 2533 448 2578 concessa:
471 2518 510 2576 de
532 2532 606 2591 agro
620 2532 807 2591 responsum
821 2524 870 2578 est
883 2518 1000 2592 legatos
1016 2518 1056 2577 ad
1069 2533 1134 2577 ram
1149 2519 1195 2577 in-

219 2600 407 2675 spiciendam
427 2599 587 2660 missuros.
620 2600 648 2659 si
668 2601 695 2660 is
716 2615 790 2673 ager
809 2602 916 2676 popuii
935 2600 1065 2661 Romani
1085 2600 1197 2662 suisset

217 2697 274 2741 neo
289 2681 430 2755 cuiquam
450 2681 540 2743 datus
556 2689 654 2757 esset,
673 2682 885 2758 dignissimum
906 2700 944 2745 en
959 2684 1042 2745 dono
1056 2684 1195 2745 Prusiam

216 2764 374 2825 habituros
389 2780 475 2825 assez
496 2765 523 2826 si
537 2772 636 2826 autem
650 2766 793 2827 Antiochi
807 2782 869 2827 non
885 2767 1010 2843 suisset,
1032 2783 1070 2829 so
1084 2783 1124 2828 ne
1137 2783 1194 2842 po-

215 2846 280 2923 puii
295 2848 418 2923 quidem
428 2850 558 2911 Romani
573 2852 687 2912 iactum
702 2865 869 2926 apparere3
892 2858 945 2911 aut
958 2850 985 2911 si
997 2851 1089 2913 datus
1101 2850 1194 2911 Gallis

217 2938 316 3007 esset,
343 2932 506 3008 ignoscere
525 2933 663 2995 Prusiam
689 2935 818 3008 debere,
845 2934 871 2994 si
892 2949 932 2994 ex
952 2935 1064 2996 nullius
1084 2934 1195 2995 iniuria

217 3015 381 3091 quicquam
397 3019 425 3077 ei
440 3019 542 3079 datum
556 3019 648 3078 vellet
662 3019 798 3093 populus
808 3019 975 3079 Romanus.
995 3034 1035 3078 ne
1046 3019 1095 3080 cui
1106 3018 1195 3079 detur

218 3098 349 3174 quidem,
365 3112 484 3174 gratum
495 3117 567 3162 csse
578 3102 695 3162 donum
704 3117 810 3178 posse,
827 3101 911 3177 quod
921 3117 992 3162 eum
1004 3102 1056 3179 qui
1068 3102 1127 3177 det,
1142 3099 1193 3161 ubi

216 3183 322 3256 vellet,
343 3184 513 3245 ablaturum
533 3200 605 3246 esse
625 3186 712 3247 sciat.
739 3184 830 3245 facite
843 3183 1019 3246 Nicomedis
1040 3199 1193 3246 commen-

216 3266 370 3327 dationem
385 3268 536 3344 accipere.
559 3275 674 3344 quanta
688 3285 761 3329 cura
775 3283 883 3343 regum
898 3269 1063 3331 amicorum
1079 3268 1193 3331 liberos

215 3357 336 3412 tueatur
355 3352 490 3427 populus
510 3353 685 3427 Romanus,
706 3352 891 3414 documento
911 3352 1118 3414 Ptolemaeum
1132 3354 1193 3413 Ae-

215 3435 302 3511 gypti
321 3450 424 3510 regern
445 3450 526 3495 esse.
555 3450 624 3494 cum
642 3433 703 3496 hoo
721 3450 875 3509 responso
889 3434 1013 3496 Prusias
1028 3442 1076 3496 est
1089 3433 1194 3495 dimis-

216 3532 279 3577 sus.
306 3534 434 3580 munera
453 3518 481 3578 ei
504 3532 543 3576 ex
563 3515 597 3556 **
617 3518 766 3579 sestertiis
787 3519 872 3579 iussa
893 3517 975 3591 dari,
994 3523 1027 3578 et
1047 3534 1193 3579 vasorum
