<?xml version="1.0" encoding="UTF-8"?>
<!DOCTYPE html PUBLIC "-//W3C//DTD XHTML 1.0 Transitional//EN"
    "http://www.w3.org/TR/xhtml1/DTD/xhtml1-transitional.dtd">
<html xmlns="http://www.w3.org/1999/xhtml" xml:lang="en" lang="en">
 <head>
  <title>
</title>
<meta http-equiv="Content-Type" content="text/html;charset=utf-8" />
  <meta name='ocr-system' content='tesseract 3.04.00' />
  <meta name='ocr-capabilities' content='ocr_page ocr_carea ocr_par ocr_line ocrx_word'/>
</head>
<body>
  <div class='ocr_page' id='page_1' title='image "./aburbeconditali01mlgoog_0140.png"; bbox 0 0 2642 4017; ppageno 0'>
   <div class='ocr_carea' id='block_1_1' title="bbox 221 308 988 384">
    <p class='ocr_par' dir='ltr' id='par_1_1' title="bbox 221 308 988 384">
     <span class='ocr_line' id='line_1_1' title="bbox 221 308 988 384; baseline 0.007 -15"><span class='ocrx_word' id='word_1_1' title='bbox 221 311 283 376; x_wconf 85' lang='grc'>108</span> <span class='ocrx_word' id='word_1_2' title='bbox 432 309 549 370; x_wconf 85' lang='lat' dir='ltr'>LIBER</span> <span class='ocrx_word' id='word_1_3' title='bbox 561 310 637 370; x_wconf 87' lang='lat' dir='ltr'>XLI.</span> <span class='ocrx_word' id='word_1_4' title='bbox 652 308 736 370; x_wconf 82' lang='lat' dir='ltr'><strong>CAP.</strong></span> <span class='ocrx_word' id='word_1_5' title='bbox 747 318 773 373; x_wconf 83' lang='lat'>6.</span> <span class='ocrx_word' id='word_1_6' title='bbox 791 316 827 383; x_wconf 90' lang='lat' dir='ltr'>[a.</span> <span class='ocrx_word' id='word_1_7' title='bbox 840 315 874 367; x_wconf 91' lang='lat' dir='ltr'>U.</span> <span class='ocrx_word' id='word_1_8' title='bbox 888 333 912 368; x_wconf 88' lang='lat' dir='ltr'>c.</span> <span class='ocrx_word' id='word_1_9' title='bbox 923 316 988 384; x_wconf 73' lang='lat'>574]</span> 
     </span>
    </p>
   </div>
   <div class='ocr_carea' id='block_1_2' title="bbox 214 459 1203 1041">
    <p class='ocr_par' dir='ltr' id='par_1_2' title="bbox 214 459 1203 1041">
     <span class='ocr_line' id='line_1_2' title="bbox 217 459 1199 536; baseline 0.002 -12"><span class='ocrx_word' id='word_1_10' title='bbox 217 471 279 524; x_wconf 91' lang='lat' dir='ltr'>tum</span> <span class='ocrx_word' id='word_1_11' title='bbox 295 462 474 532; x_wconf 83' lang='lat' dir='ltr'>factumest,</span> <span class='ocrx_word' id='word_1_12' title='bbox 490 466 524 521; x_wconf 92' lang='lat' dir='ltr'>ut</span> <span class='ocrx_word' id='word_1_13' title='bbox 536 460 681 520; x_wconf 88' lang='lat' dir='ltr'>consules</span> <span class='ocrx_word' id='word_1_14' title='bbox 693 459 771 520; x_wconf 92' lang='lat' dir='ltr'>inter</span> <span class='ocrx_word' id='word_1_15' title='bbox 783 475 819 521; x_wconf 90' lang='lat' dir='ltr'>se</span> <span class='ocrx_word' id='word_1_16' title='bbox 830 469 1054 536; x_wconf 69' lang='lat' dir='ltr'><strong>compararent,</strong></span> <span class='ocrx_word' id='word_1_17' title='bbox 1069 471 1136 525; x_wconf 90' lang='lat' dir='ltr'>uter</span> <span class='ocrx_word' id='word_1_18' title='bbox 1148 477 1199 526; x_wconf 80' lang='lat' dir='ltr'>eo</span> 
     </span>
     <span class='ocr_line' id='line_1_3' title="bbox 216 542 1203 608; baseline 0.002 -2"><span class='ocrx_word' id='word_1_19' title='bbox 216 563 282 607; x_wconf 91' lang='lat' dir='ltr'>rum</span> <span class='ocrx_word' id='word_1_20' title='bbox 305 545 345 604; x_wconf 91' lang='lat' dir='ltr'>ad</span> <span class='ocrx_word' id='word_1_21' title='bbox 361 544 482 604; x_wconf 90' lang='lat' dir='ltr'>comitia</span> <span class='ocrx_word' id='word_1_22' title='bbox 503 542 646 603; x_wconf 89' lang='lat' dir='ltr'>habenda</span> <span class='ocrx_word' id='word_1_23' title='bbox 660 543 789 603; x_wconf 81' lang='lat' dir='ltr'><strong>Romam</strong></span> <span class='ocrx_word' id='word_1_24' title='bbox 803 544 924 605; x_wconf 81' lang='lat' dir='ltr'>rediret.</span> <span class='ocrx_word' id='word_1_25' title='bbox 958 560 1026 606; x_wconf 90' lang='lat' dir='ltr'>cum</span> <span class='ocrx_word' id='word_1_26' title='bbox 1042 545 1203 608; x_wconf 80' lang='lat' dir='ltr'><strong>absentem</strong></span> 
     </span>
     <span class='ocr_line' id='line_1_4' title="bbox 215 625 1202 705; baseline 0.002 -15"><span class='ocrx_word' id='word_1_27' title='bbox 215 629 361 690; x_wconf 87' lang='lat' dir='ltr'>Manlium</span> <span class='ocrx_word' id='word_1_28' title='bbox 381 627 492 688; x_wconf 89' lang='lat' dir='ltr'>tribuni</span> <span class='ocrx_word' id='word_1_29' title='bbox 508 625 607 701; x_wconf 88' lang='lat' dir='ltr'>plebis</span> <span class='ocrx_word' id='word_1_30' title='bbox 620 625 754 686; x_wconf 89' lang='lat' dir='ltr'>Licinius</span> <span class='ocrx_word' id='word_1_31' title='bbox 769 627 868 687; x_wconf 89' lang='lat' dir='ltr'>Nerva</span> <span class='ocrx_word' id='word_1_32' title='bbox 882 636 913 690; x_wconf 93' lang='lat' dir='ltr'>et</span> <span class='ocrx_word' id='word_1_33' title='bbox 927 628 958 689; x_wconf 83' lang='lat' dir='ltr'>C.</span> <span class='ocrx_word' id='word_1_34' title='bbox 972 629 1114 705; x_wconf 82' lang='lat' dir='ltr'>Papirius</span> <span class='ocrx_word' id='word_1_35' title='bbox 1128 629 1202 692; x_wconf 84' lang='lat' dir='ltr'>Tur·</span> 
     </span>
     <span class='ocr_line' id='line_1_5' title="bbox 216 710 1201 789; baseline 0 -14"><span class='ocrx_word' id='word_1_36' title='bbox 216 715 275 775; x_wconf 86' lang='lat' dir='ltr'>dus</span> <span class='ocrx_word' id='word_1_37' title='bbox 290 713 320 774; x_wconf 93' lang='lat' dir='ltr'>in</span> <span class='ocrx_word' id='word_1_38' title='bbox 336 710 531 773; x_wconf 88' lang='lat' dir='ltr'>contionibus</span> <span class='ocrx_word' id='word_1_39' title='bbox 554 711 737 784; x_wconf 79' lang='lat' dir='ltr'>lacerarent,</span> <span class='ocrx_word' id='word_1_40' title='bbox 758 710 1012 786; x_wconf 79' lang='lat' dir='ltr'>rogationemque</span> <span class='ocrx_word' id='word_1_41' title='bbox 1025 716 1201 789; x_wconf 83' lang='lat' dir='ltr'>promulga-</span> 
     </span>
     <span class='ocr_line' id='line_1_6' title="bbox 215 793 1203 873; baseline 0.001 -16"><span class='ocrx_word' id='word_1_42' title='bbox 215 804 292 870; x_wconf 79' lang='lat' dir='ltr'>rent,</span> <span class='ocrx_word' id='word_1_43' title='bbox 308 811 348 857; x_wconf 88' lang='lat' dir='ltr'>ne</span> <span class='ocrx_word' id='word_1_44' title='bbox 361 795 492 856; x_wconf 85' lang='lat' dir='ltr'>Manlius</span> <span class='ocrx_word' id='word_1_45' title='bbox 507 801 580 870; x_wconf 90' lang='lat' dir='ltr'>post</span> <span class='ocrx_word' id='word_1_46' title='bbox 593 794 665 854; x_wconf 87' lang='lat' dir='ltr'>idus</span> <span class='ocrx_word' id='word_1_47' title='bbox 679 793 804 855; x_wconf 86' lang='lat' dir='ltr'>Martias</span> <span class='ocrx_word' id='word_1_48' title='bbox 814 828 859 843; x_wconf 89' lang='lat'><em>-</em></span> <span class='ocrx_word' id='word_1_49' title='bbox 869 803 1053 871; x_wconf 90' lang='lat' dir='ltr'>prorogatae</span> <span class='ocrx_word' id='word_1_50' title='bbox 1068 813 1203 873; x_wconf 89' lang='lat' dir='ltr'>namque</span> 
     </span>
     <span class='ocr_line' id='line_1_7' title="bbox 216 875 1203 956; baseline 0 -15"><span class='ocrx_word' id='word_1_51' title='bbox 216 881 396 943; x_wconf 88' lang='lat' dir='ltr'>consulibus</span> <span class='ocrx_word' id='word_1_52' title='bbox 421 875 531 939; x_wconf 91' lang='lat' dir='ltr'>iamin</span> <span class='ocrx_word' id='word_1_53' title='bbox 552 893 666 938; x_wconf 85' lang='lat' dir='ltr'>annum</span> <span class='ocrx_word' id='word_1_54' title='bbox 687 878 865 953; x_wconf 89' lang='lat' dir='ltr'>provinciae</span> <span class='ocrx_word' id='word_1_55' title='bbox 885 888 1029 941; x_wconf 86' lang='lat' dir='ltr'>erant-</span> <span class='ocrx_word' id='word_1_56' title='bbox 1042 880 1203 956; x_wconf 90' lang='lat' dir='ltr'>imperium</span> 
     </span>
     <span class='ocr_line' id='line_1_8' title="bbox 214 961 1202 1041; baseline -0.001 -15"><span class='ocrx_word' id='word_1_57' title='bbox 214 965 372 1039; x_wconf 82' lang='lat' dir='ltr'>retineret,</span> <span class='ocrx_word' id='word_1_58' title='bbox 386 963 430 1025; x_wconf 90' lang='lat' dir='ltr'>uti</span> <span class='ocrx_word' id='word_1_59' title='bbox 445 977 570 1022; x_wconf 89' lang='lat' dir='ltr'>causam</span> <span class='ocrx_word' id='word_1_60' title='bbox 584 963 738 1036; x_wconf 85' lang='lat' dir='ltr'>extemplo</span> <span class='ocrx_word' id='word_1_61' title='bbox 754 961 872 1033; x_wconf 88' lang='lat' dir='ltr'>dicere,</span> <span class='ocrx_word' id='word_1_62' title='bbox 888 979 958 1024; x_wconf 90' lang='lat' dir='ltr'>cum</span> <span class='ocrx_word' id='word_1_63' title='bbox 975 962 1093 1025; x_wconf 91' lang='lat' dir='ltr'>abisset</span> <span class='ocrx_word' id='word_1_64' title='bbox 1106 964 1202 1041; x_wconf 88' lang='lat' dir='ltr'>magi·</span> 
     </span>
    </p>
   </div>
   <div class='ocr_carea' id='block_1_3' title="bbox 206 1043 1205 3625">
    <p class='ocr_par' dir='ltr' id='par_1_3' title="bbox 215 1043 1205 1208">
     <span class='ocr_line' id='line_1_9' title="bbox 215 1043 1205 1125; baseline -0.002 -15"><span class='ocrx_word' id='word_1_65' title='bbox 215 1056 322 1119; x_wconf 87' lang='lat' dir='ltr'>stratu,</span> <span class='ocrx_word' id='word_1_66' title='bbox 338 1054 455 1122; x_wconf 84' lang='lat' dir='ltr'>posset</span> <span class='ocrx_word' id='word_1_67' title='bbox 471 1045 541 1106; x_wconf 88' lang='lat' dir='ltr'>buic</span> <span class='ocrx_word' id='word_1_68' title='bbox 554 1046 706 1120; x_wconf 89' lang='lat' dir='ltr'>rogationi</span> <span class='ocrx_word' id='word_1_69' title='bbox 718 1043 751 1119; x_wconf 78' lang='lat' dir='ltr'>Q.</span> <span class='ocrx_word' id='word_1_70' title='bbox 763 1046 870 1105; x_wconf 79' lang='lat' dir='ltr'>Aelius</span> <span class='ocrx_word' id='word_1_71' title='bbox 885 1048 1005 1123; x_wconf 76' lang='lat' dir='ltr'>collega</span> <span class='ocrx_word' id='word_1_72' title='bbox 1018 1048 1205 1125; x_wconf 84' lang='lat' dir='ltr'>intercessit,</span> 
     </span>
     <span class='ocr_line' id='line_1_10' title="bbox 215 1128 1073 1208; baseline -0.003 -16"><span class='ocrx_word' id='word_1_73' title='bbox 215 1132 398 1208; x_wconf 76' lang='lat' dir='ltr'>magnisque</span> <span class='ocrx_word' id='word_1_74' title='bbox 412 1128 656 1192; x_wconf 81' lang='lat' dir='ltr'>contentionibus</span> <span class='ocrx_word' id='word_1_75' title='bbox 672 1129 808 1202; x_wconf 79' lang='lat' dir='ltr'>obtinuit,</span> <span class='ocrx_word' id='word_1_76' title='bbox 825 1145 863 1189; x_wconf 91' lang='lat' dir='ltr'>ne</span> <span class='ocrx_word' id='word_1_77' title='bbox 877 1131 1073 1206; x_wconf 78' lang='lat' dir='ltr'>perferretur.</span> 
     </span>
    </p>

    <p class='ocr_par' dir='ltr' id='par_1_4' title="bbox 213 1212 1202 1624">
     <span class='ocr_line' id='line_1_11' title="bbox 302 1212 1201 1288; baseline 0.002 -13"><span class='ocrx_word' id='word_1_78' title='bbox 302 1215 360 1275; x_wconf 88' lang='lat' dir='ltr'>Per</span> <span class='ocrx_word' id='word_1_79' title='bbox 380 1230 436 1275; x_wconf 87' lang='lat' dir='ltr'>eos</span> <span class='ocrx_word' id='word_1_80' title='bbox 458 1212 524 1275; x_wconf 87' lang='lat' dir='ltr'>dies</span> <span class='ocrx_word' id='word_1_81' title='bbox 544 1213 588 1272; x_wconf 80' lang='lat' dir='ltr'>Ti.</span> <span class='ocrx_word' id='word_1_82' title='bbox 603 1212 805 1288; x_wconf 87' lang='lat' dir='ltr'>Sempronius</span> <span class='ocrx_word' id='word_1_83' title='bbox 822 1213 978 1274; x_wconf 89' lang='lat' dir='ltr'>Gracchus</span> <span class='ocrx_word' id='word_1_84' title='bbox 999 1223 1030 1275; x_wconf 88' lang='lat' dir='ltr'>et</span> <span class='ocrx_word' id='word_1_85' title='bbox 1042 1215 1076 1276; x_wconf 88' lang='lat' dir='ltr'>L.</span> <span class='ocrx_word' id='word_1_86' title='bbox 1090 1214 1201 1278; x_wconf 87' lang='lat' dir='ltr'>Postu·</span> 
     </span>
     <span class='ocr_line' id='line_1_12' title="bbox 215 1282 1199 1374; baseline 0 -14"><span class='ocrx_word' id='word_1_87' title='bbox 215 1301 293 1361; x_wconf 86' lang='lat' dir='ltr'>mins</span> <span class='ocrx_word' id='word_1_88' title='bbox 308 1299 437 1360; x_wconf 87' lang='lat' dir='ltr'>Albinus</span> <span class='ocrx_word' id='word_1_89' title='bbox 452 1307 492 1358; x_wconf 86' lang='lat' dir='ltr'>ex</span> <span class='ocrx_word' id='word_1_90' title='bbox 502 1282 790 1372; x_wconf 77' lang='lat' dir='ltr'>Hispanialtomam</span> <span class='ocrx_word' id='word_1_91' title='bbox 805 1313 873 1358; x_wconf 91' lang='lat' dir='ltr'>eum</span> <span class='ocrx_word' id='word_1_92' title='bbox 888 1299 1095 1374; x_wconf 83' lang='lat' dir='ltr'>revertissent,</span> <span class='ocrx_word' id='word_1_93' title='bbox 1111 1316 1199 1360; x_wconf 76' lang='lat' dir='ltr'>sena</span> 
     </span>
     <span class='ocr_line' id='line_1_13' title="bbox 213 1379 1202 1456; baseline -0.001 -11"><span class='ocrx_word' id='word_1_94' title='bbox 213 1392 263 1446; x_wconf 91' lang='lat' dir='ltr'>tus</span> <span class='ocrx_word' id='word_1_95' title='bbox 284 1383 321 1444; x_wconf 91' lang='lat' dir='ltr'>iis</span> <span class='ocrx_word' id='word_1_96' title='bbox 342 1399 361 1442; x_wconf 92' lang='lat' dir='ltr'>a</span> <span class='ocrx_word' id='word_1_97' title='bbox 380 1382 420 1442; x_wconf 83' lang='grc' dir='ltr'>Μ.</span> <span class='ocrx_word' id='word_1_98' title='bbox 440 1381 549 1443; x_wconf 86' lang='lat' dir='ltr'>Titinio</span> <span class='ocrx_word' id='word_1_99' title='bbox 569 1388 711 1456; x_wconf 86' lang='lat' dir='ltr'>praetore</span> <span class='ocrx_word' id='word_1_100' title='bbox 733 1379 824 1441; x_wconf 88' lang='lat' dir='ltr'>datus</span> <span class='ocrx_word' id='word_1_101' title='bbox 844 1382 873 1441; x_wconf 89' lang='lat' dir='ltr'>in</span> <span class='ocrx_word' id='word_1_102' title='bbox 895 1383 973 1442; x_wconf 90' lang='lat' dir='ltr'>aede</span> <span class='ocrx_word' id='word_1_103' title='bbox 993 1384 1140 1445; x_wconf 89' lang='lat' dir='ltr'>Bellonae</span> <span class='ocrx_word' id='word_1_104' title='bbox 1161 1384 1202 1444; x_wconf 89' lang='lat' dir='ltr'>ad</span> 
     </span>
     <span class='ocr_line' id='line_1_14' title="bbox 214 1465 1202 1541; baseline 0 -12"><span class='ocrx_word' id='word_1_105' title='bbox 214 1468 414 1529; x_wconf 87' lang='lat' dir='ltr'>disserendas</span> <span class='ocrx_word' id='word_1_106' title='bbox 433 1480 485 1525; x_wconf 88' lang='lat' dir='ltr'>res</span> <span class='ocrx_word' id='word_1_107' title='bbox 501 1480 579 1540; x_wconf 91' lang='lat' dir='ltr'>quas</span> <span class='ocrx_word' id='word_1_108' title='bbox 594 1465 768 1539; x_wconf 87' lang='lat' dir='ltr'>gessissent</span> <span class='ocrx_word' id='word_1_109' title='bbox 783 1466 1050 1541; x_wconf 84' lang='lat' dir='ltr'>postulandosque</span> <span class='ocrx_word' id='word_1_110' title='bbox 1064 1467 1202 1529; x_wconf 87' lang='lat' dir='ltr'>bonores</span> 
     </span>
     <span class='ocr_line' id='line_1_15' title="bbox 214 1547 1010 1624; baseline -0.004 -11"><span class='ocrx_word' id='word_1_111' title='bbox 214 1551 348 1624; x_wconf 89' lang='lat' dir='ltr'>meritos,</span> <span class='ocrx_word' id='word_1_112' title='bbox 366 1557 400 1611; x_wconf 93' lang='lat' dir='ltr'>ut</span> <span class='ocrx_word' id='word_1_113' title='bbox 413 1550 474 1610; x_wconf 85' lang='lat' dir='ltr'>diis</span> <span class='ocrx_word' id='word_1_114' title='bbox 487 1547 707 1611; x_wconf 71' lang='lat' dir='ltr'>inmortalibus</span> <span class='ocrx_word' id='word_1_115' title='bbox 722 1547 885 1610; x_wconf 89' lang='lat' dir='ltr'>baberetur</span> <span class='ocrx_word' id='word_1_116' title='bbox 899 1548 1010 1611; x_wconf 89' lang='lat' dir='ltr'>bonos.</span> 
     </span>
    </p>

    <p class='ocr_par' dir='ltr' id='par_1_5' title="bbox 212 1631 1202 2385">
     <span class='ocr_line' id='line_1_16' title="bbox 298 1631 1201 1709; baseline 0 -14"><span class='ocrx_word' id='word_1_117' title='bbox 298 1635 414 1695; x_wconf 84' lang='lat' dir='ltr'>Eodem</span> <span class='ocrx_word' id='word_1_118' title='bbox 439 1641 578 1708; x_wconf 86' lang='lat' dir='ltr'>tempore</span> <span class='ocrx_word' id='word_1_119' title='bbox 603 1633 684 1693; x_wconf 91' lang='lat' dir='ltr'>etin</span> <span class='ocrx_word' id='word_1_120' title='bbox 706 1631 848 1693; x_wconf 84' lang='lat' dir='ltr'>Sardinia</span> <span class='ocrx_word' id='word_1_121' title='bbox 871 1649 1015 1709; x_wconf 89' lang='lat' dir='ltr'>magnum</span> <span class='ocrx_word' id='word_1_122' title='bbox 1041 1636 1201 1696; x_wconf 91' lang='lat' dir='ltr'>tumultum</span> 
     </span>
     <span class='ocr_line' id='line_1_17' title="bbox 213 1715 1200 1792; baseline -0.002 -12"><span class='ocrx_word' id='word_1_123' title='bbox 213 1735 286 1780; x_wconf 87' lang='lat' dir='ltr'>esse</span> <span class='ocrx_word' id='word_1_124' title='bbox 301 1720 407 1779; x_wconf 84' lang='lat' dir='ltr'>litteris</span> <span class='ocrx_word' id='word_1_125' title='bbox 421 1718 454 1778; x_wconf 85' lang='lat' dir='ltr'>T.</span> <span class='ocrx_word' id='word_1_126' title='bbox 469 1715 591 1778; x_wconf 84' lang='lat' dir='ltr'>Aebutii</span> <span class='ocrx_word' id='word_1_127' title='bbox 607 1717 759 1791; x_wconf 89' lang='lat' dir='ltr'>praetoris</span> <span class='ocrx_word' id='word_1_128' title='bbox 774 1716 929 1791; x_wconf 88' lang='lat' dir='ltr'>cognitum</span> <span class='ocrx_word' id='word_1_129' title='bbox 942 1726 1005 1790; x_wconf 89' lang='lat' dir='ltr'>est,</span> <span class='ocrx_word' id='word_1_130' title='bbox 1024 1735 1103 1792; x_wconf 89' lang='lat' dir='ltr'>quas</span> <span class='ocrx_word' id='word_1_131' title='bbox 1118 1719 1200 1779; x_wconf 85' lang='lat' dir='ltr'>filius</span> 
     </span>
     <span class='ocr_line' id='line_1_18' title="bbox 213 1800 1200 1864; baseline -0.001 -1"><span class='ocrx_word' id='word_1_132' title='bbox 213 1804 279 1864; x_wconf 84' lang='lat' dir='ltr'>eius</span> <span class='ocrx_word' id='word_1_133' title='bbox 300 1802 341 1862; x_wconf 93' lang='lat' dir='ltr'>ad</span> <span class='ocrx_word' id='word_1_134' title='bbox 361 1805 501 1862; x_wconf 88' lang='lat' dir='ltr'>senatum</span> <span class='ocrx_word' id='word_1_135' title='bbox 518 1802 666 1862; x_wconf 88' lang='lat' dir='ltr'>attulerat</span> <span class='ocrx_word' id='word_1_136' title='bbox 702 1800 830 1860; x_wconf 87' lang='lat' dir='ltr'>Ilienses</span> <span class='ocrx_word' id='word_1_137' title='bbox 851 1801 1003 1863; x_wconf 85' lang='lat' dir='ltr'>adiunctis</span> <span class='ocrx_word' id='word_1_138' title='bbox 1020 1803 1200 1863; x_wconf 89' lang='lat' dir='ltr'>Balarorum</span> 
     </span>
     <span class='ocr_line' id='line_1_19' title="bbox 213 1883 1202 1961; baseline 0 -14"><span class='ocrx_word' id='word_1_139' title='bbox 213 1885 335 1947; x_wconf 85' lang='lat' dir='ltr'>auxiliis</span> <span class='ocrx_word' id='word_1_140' title='bbox 357 1891 496 1961; x_wconf 87' lang='lat' dir='ltr'>pacatam</span> <span class='ocrx_word' id='word_1_141' title='bbox 512 1884 703 1960; x_wconf 90' lang='lat' dir='ltr'>provinciam</span> <span class='ocrx_word' id='word_1_142' title='bbox 717 1883 907 1960; x_wconf 87' lang='lat' dir='ltr'>invaserant,</span> <span class='ocrx_word' id='word_1_143' title='bbox 930 1901 988 1946; x_wconf 89' lang='lat' dir='ltr'>nec</span> <span class='ocrx_word' id='word_1_144' title='bbox 1003 1885 1048 1947; x_wconf 89' lang='lat' dir='ltr'>eis</span> <span class='ocrx_word' id='word_1_145' title='bbox 1062 1885 1202 1947; x_wconf 89' lang='lat' dir='ltr'>invalido</span> 
     </span>
     <span class='ocr_line' id='line_1_20' title="bbox 214 1967 1199 2045; baseline -0.002 -12"><span class='ocrx_word' id='word_1_146' title='bbox 214 1971 352 2032; x_wconf 90' lang='lat' dir='ltr'>exercitu</span> <span class='ocrx_word' id='word_1_147' title='bbox 373 1975 404 2030; x_wconf 86' lang='lat' dir='ltr'>ct</span> <span class='ocrx_word' id='word_1_148' title='bbox 418 1984 529 2045; x_wconf 89' lang='lat' dir='ltr'>magna</span> <span class='ocrx_word' id='word_1_149' title='bbox 544 1975 632 2045; x_wconf 89' lang='lat' dir='ltr'>parte</span> <span class='ocrx_word' id='word_1_150' title='bbox 647 1967 820 2044; x_wconf 89' lang='lat' dir='ltr'>pestilentia</span> <span class='ocrx_word' id='word_1_151' title='bbox 834 1968 997 2044; x_wconf 89' lang='lat' dir='ltr'>absumpto</span> <span class='ocrx_word' id='word_1_152' title='bbox 1013 1970 1118 2031; x_wconf 88' lang='lat' dir='ltr'>resisti</span> <span class='ocrx_word' id='word_1_153' title='bbox 1131 1978 1199 2045; x_wconf 93' lang='lat' dir='ltr'>pot-</span> 
     </span>
     <span class='ocr_line' id='line_1_21' title="bbox 213 2051 1200 2127; baseline -0.001 -12"><span class='ocrx_word' id='word_1_154' title='bbox 213 2062 288 2116; x_wconf 88' lang='lat' dir='ltr'>erat.</span> <span class='ocrx_word' id='word_1_155' title='bbox 323 2055 430 2116; x_wconf 80' lang='lat' dir='ltr'>eadum</span> <span class='ocrx_word' id='word_1_156' title='bbox 453 2061 484 2114; x_wconf 86' lang='lat' dir='ltr'>et</span> <span class='ocrx_word' id='word_1_157' title='bbox 504 2051 671 2115; x_wconf 83' lang='lat' dir='ltr'>Sardorum</span> <span class='ocrx_word' id='word_1_158' title='bbox 694 2052 786 2127; x_wconf 88' lang='lat' dir='ltr'>legati</span> <span class='ocrx_word' id='word_1_159' title='bbox 805 2053 984 2113; x_wconf 88' lang='lat' dir='ltr'>nuntiabant</span> <span class='ocrx_word' id='word_1_160' title='bbox 1004 2062 1145 2127; x_wconf 87' lang='lat' dir='ltr'>orantes,</span> <span class='ocrx_word' id='word_1_161' title='bbox 1167 2062 1200 2114; x_wconf 92' lang='lat' dir='ltr'>ut</span> 
     </span>
     <span class='ocr_line' id='line_1_22' title="bbox 212 2135 1200 2212; baseline -0.003 -11"><span class='ocrx_word' id='word_1_162' title='bbox 212 2140 340 2201; x_wconf 86' lang='lat' dir='ltr'>urbibus</span> <span class='ocrx_word' id='word_1_163' title='bbox 356 2138 579 2199; x_wconf 75' lang='lat' dir='ltr'>saltem-iam</span> <span class='ocrx_word' id='word_1_164' title='bbox 590 2135 671 2197; x_wconf 87' lang='lat' dir='ltr'>enim</span> <span class='ocrx_word' id='word_1_165' title='bbox 682 2151 775 2212; x_wconf 90' lang='lat' dir='ltr'>agros</span> <span class='ocrx_word' id='word_1_166' title='bbox 787 2136 966 2211; x_wconf 87' lang='lat' dir='ltr'>deploratos</span> <span class='ocrx_word' id='word_1_167' title='bbox 978 2153 1200 2212; x_wconf 89' lang='lat' dir='ltr'>esse—opem</span> 
     </span>
     <span class='ocr_line' id='line_1_23' title="bbox 213 2219 1198 2298; baseline -0.002 -14"><span class='ocrx_word' id='word_1_168' title='bbox 213 2231 338 2285; x_wconf 89' lang='lat' dir='ltr'>senatus</span> <span class='ocrx_word' id='word_1_169' title='bbox 353 2224 455 2283; x_wconf 82' lang='lat' dir='ltr'>terret</span> <span class='ocrx_word' id='word_1_170' title='bbox 480 2222 558 2283; x_wconf 88' lang='lat' dir='ltr'>baec</span> <span class='ocrx_word' id='word_1_171' title='bbox 572 2222 683 2298; x_wconf 89' lang='lat' dir='ltr'>legatio</span> <span class='ocrx_word' id='word_1_172' title='bbox 699 2226 856 2295; x_wconf 90' lang='lat' dir='ltr'>totumque</span> <span class='ocrx_word' id='word_1_173' title='bbox 871 2221 955 2296; x_wconf 92' lang='lat' dir='ltr'>quod</span> <span class='ocrx_word' id='word_1_174' title='bbox 969 2222 1010 2281; x_wconf 90' lang='lat' dir='ltr'>ad</span> <span class='ocrx_word' id='word_1_175' title='bbox 1025 2219 1198 2282; x_wconf 88' lang='lat' dir='ltr'>Sardiniam</span> 
     </span>
     <span class='ocr_line' id='line_1_24' title="bbox 212 2305 992 2385; baseline -0.005 -16"><span class='ocrx_word' id='word_1_176' title='bbox 212 2308 382 2385; x_wconf 85' lang='lat' dir='ltr'>pertinebat</span> <span class='ocrx_word' id='word_1_177' title='bbox 395 2307 436 2367; x_wconf 91' lang='lat' dir='ltr'>ad</span> <span class='ocrx_word' id='word_1_178' title='bbox 450 2322 551 2369; x_wconf 87' lang='lat' dir='ltr'>novos</span> <span class='ocrx_word' id='word_1_179' title='bbox 565 2306 761 2381; x_wconf 87' lang='lat' dir='ltr'>magistratus</span> <span class='ocrx_word' id='word_1_180' title='bbox 775 2305 920 2365; x_wconf 90' lang='lat' dir='ltr'>reiectum</span> <span class='ocrx_word' id='word_1_181' title='bbox 935 2310 992 2365; x_wconf 84' lang='lat' dir='ltr'>est</span> 
     </span>
    </p>

    <p class='ocr_par' dir='ltr' id='par_1_6' title="bbox 206 2388 1200 3625">
     <span class='ocr_line' id='line_1_25' title="bbox 296 2388 1196 2468; baseline -0.003 -15"><span class='ocrx_word' id='word_1_182' title='bbox 296 2395 405 2468; x_wconf 82' lang='lat' dir='ltr'>Aeque</span> <span class='ocrx_word' id='word_1_183' title='bbox 415 2391 597 2452; x_wconf 85' lang='lat' dir='ltr'>miserabilis</span> <span class='ocrx_word' id='word_1_184' title='bbox 609 2390 720 2464; x_wconf 88' lang='lat' dir='ltr'>legatio</span> <span class='ocrx_word' id='word_1_185' title='bbox 733 2388 905 2465; x_wconf 85' lang='lat' dir='ltr'>Lyciorum,</span> <span class='ocrx_word' id='word_1_186' title='bbox 923 2389 977 2464; x_wconf 91' lang='lat' dir='ltr'>qui</span> <span class='ocrx_word' id='word_1_187' title='bbox 988 2388 1196 2450; x_wconf 90' lang='lat' dir='ltr'>crudelitatem</span> 
     </span>
     <span class='ocr_line' id='line_1_26' title="bbox 213 2471 1200 2549; baseline -0.006 -11"><span class='ocrx_word' id='word_1_188' title='bbox 213 2476 410 2544; x_wconf 86' lang='lat' dir='ltr'>Rhodiorum,</span> <span class='ocrx_word' id='word_1_189' title='bbox 424 2472 537 2549; x_wconf 85' lang='lat' dir='ltr'>quibus</span> <span class='ocrx_word' id='word_1_190' title='bbox 548 2474 587 2533; x_wconf 91' lang='lat' dir='ltr'>ab</span> <span class='ocrx_word' id='word_1_191' title='bbox 597 2473 631 2531; x_wconf 90' lang='lat' dir='ltr'>L.</span> <span class='ocrx_word' id='word_1_192' title='bbox 644 2472 785 2532; x_wconf 73' lang='lat' dir='ltr'>Cornelio</span> <span class='ocrx_word' id='word_1_193' title='bbox 798 2471 943 2547; x_wconf 87' lang='lat' dir='ltr'>Scipione</span> <span class='ocrx_word' id='word_1_194' title='bbox 956 2471 1089 2533; x_wconf 88' lang='lat' dir='ltr'>attributi</span> <span class='ocrx_word' id='word_1_195' title='bbox 1102 2481 1200 2547; x_wconf 86' lang='lat' dir='ltr'>erant,</span> 
     </span>
     <span class='ocr_line' id='line_1_27' title="bbox 213 2553 1197 2635; baseline -0.003 -16"><span class='ocrx_word' id='word_1_196' title='bbox 213 2560 428 2635; x_wconf 86' lang='lat' dir='ltr'>querebantur.</span> <span class='ocrx_word' id='word_1_197' title='bbox 462 2556 559 2616; x_wconf 87' lang='lat' dir='ltr'>luisse</span> <span class='ocrx_word' id='word_1_198' title='bbox 581 2556 640 2616; x_wconf 88' lang='lat' dir='ltr'>sub</span> <span class='ocrx_word' id='word_1_199' title='bbox 666 2553 788 2614; x_wconf 91' lang='lat' dir='ltr'>dicione</span> <span class='ocrx_word' id='word_1_200' title='bbox 808 2556 963 2616; x_wconf 82' lang='lat' dir='ltr'>Antiochi:</span> <span class='ocrx_word' id='word_1_201' title='bbox 993 2572 1060 2615; x_wconf 90' lang='lat' dir='ltr'>eam</span> <span class='ocrx_word' id='word_1_202' title='bbox 1080 2557 1197 2632; x_wconf 88' lang='lat' dir='ltr'>regiam</span> 
     </span>
     <span class='ocr_line' id='line_1_28' title="bbox 212 2638 1196 2715; baseline -0.003 -13"><span class='ocrx_word' id='word_1_203' title='bbox 212 2642 387 2702; x_wconf 86' lang='lat' dir='ltr'>servitutem</span> <span class='ocrx_word' id='word_1_204' title='bbox 403 2639 543 2699; x_wconf 87' lang='lat' dir='ltr'>collatam</span> <span class='ocrx_word' id='word_1_205' title='bbox 560 2655 629 2700; x_wconf 91' lang='lat' dir='ltr'>cum</span> <span class='ocrx_word' id='word_1_206' title='bbox 645 2638 799 2715; x_wconf 89' lang='lat' dir='ltr'>praesenti</span> <span class='ocrx_word' id='word_1_207' title='bbox 814 2645 895 2700; x_wconf 88' lang='lat' dir='ltr'>statu</span> <span class='ocrx_word' id='word_1_208' title='bbox 907 2642 1094 2715; x_wconf 89' lang='lat' dir='ltr'>praeclaram</span> <span class='ocrx_word' id='word_1_209' title='bbox 1107 2641 1196 2701; x_wconf 91' lang='lat' dir='ltr'>liber·</span> 
     </span>
     <span class='ocr_line' id='line_1_29' title="bbox 212 2722 1197 2800; baseline 0.001 -16"><span class='ocrx_word' id='word_1_210' title='bbox 212 2731 304 2784; x_wconf 88' lang='lat' dir='ltr'>tatem</span> <span class='ocrx_word' id='word_1_211' title='bbox 324 2723 432 2784; x_wconf 89' lang='lat' dir='ltr'>visam.</span> <span class='ocrx_word' id='word_1_212' title='bbox 468 2739 529 2784; x_wconf 90' lang='lat' dir='ltr'>non</span> <span class='ocrx_word' id='word_1_213' title='bbox 544 2722 668 2800; x_wconf 91' lang='lat' dir='ltr'>publico</span> <span class='ocrx_word' id='word_1_214' title='bbox 685 2728 798 2782; x_wconf 90' lang='lat' dir='ltr'>tantum</span> <span class='ocrx_word' id='word_1_215' title='bbox 813 2737 849 2783; x_wconf 91' lang='lat' dir='ltr'>se</span> <span class='ocrx_word' id='word_1_216' title='bbox 863 2723 960 2799; x_wconf 90' lang='lat' dir='ltr'>premi</span> <span class='ocrx_word' id='word_1_217' title='bbox 975 2725 1118 2800; x_wconf 87' lang='lat' dir='ltr'>imperio,</span> <span class='ocrx_word' id='word_1_218' title='bbox 1140 2724 1197 2785; x_wconf 91' lang='lat' dir='ltr'>sed</span> 
     </span>
     <span class='ocr_line' id='line_1_30' title="bbox 211 2806 1198 2884; baseline 0 -17"><span class='ocrx_word' id='word_1_219' title='bbox 211 2807 350 2882; x_wconf 86' lang='lat' dir='ltr'>singulos</span> <span class='ocrx_word' id='word_1_220' title='bbox 365 2807 477 2869; x_wconf 90' lang='lat' dir='ltr'>iustum</span> <span class='ocrx_word' id='word_1_221' title='bbox 492 2807 555 2883; x_wconf 92' lang='lat' dir='ltr'>pati</span> <span class='ocrx_word' id='word_1_222' title='bbox 569 2806 738 2869; x_wconf 86' lang='lat' dir='ltr'>servitium.</span> <span class='ocrx_word' id='word_1_223' title='bbox 757 2806 844 2882; x_wconf 91' lang='lat' dir='ltr'>ipsos</span> <span class='ocrx_word' id='word_1_224' title='bbox 860 2808 1006 2882; x_wconf 90' lang='lat' dir='ltr'>coniuges</span> <span class='ocrx_word' id='word_1_225' title='bbox 1022 2807 1198 2884; x_wconf 87' lang='lat' dir='ltr'>liberosque</span> 
     </span>
     <span class='ocr_line' id='line_1_31' title="bbox 211 2891 1195 2969; baseline 0.001 -19"><span class='ocrx_word' id='word_1_226' title='bbox 211 2891 331 2965; x_wconf 64' lang='lat' dir='ltr'>vexari4</span> <span class='ocrx_word' id='word_1_227' title='bbox 353 2892 383 2951; x_wconf 94' lang='lat' dir='ltr'>in</span> <span class='ocrx_word' id='word_1_228' title='bbox 405 2907 538 2969; x_wconf 87' lang='lat' dir='ltr'>corpus,</span> <span class='ocrx_word' id='word_1_229' title='bbox 559 2892 588 2952; x_wconf 93' lang='lat' dir='ltr'>in</span> <span class='ocrx_word' id='word_1_230' title='bbox 611 2898 730 2966; x_wconf 88' lang='lat' dir='ltr'>tergum</span> <span class='ocrx_word' id='word_1_231' title='bbox 750 2891 879 2965; x_wconf 85' lang='lat' dir='ltr'>saeviri,</span> <span class='ocrx_word' id='word_1_232' title='bbox 900 2893 1026 2965; x_wconf 86' lang='lat' dir='ltr'>lamam,</span> <span class='ocrx_word' id='word_1_233' title='bbox 1050 2891 1135 2968; x_wconf 92' lang='lat' dir='ltr'>quod</span> <span class='ocrx_word' id='word_1_234' title='bbox 1150 2893 1195 2951; x_wconf 93' lang='lat' dir='ltr'>in·</span> 
     </span>
     <span class='ocr_line' id='line_1_32' title="bbox 211 2973 1196 3051; baseline 0.002 -18"><span class='ocrx_word' id='word_1_235' title='bbox 211 2973 335 3045; x_wconf 87' lang='lat' dir='ltr'>dignum</span> <span class='ocrx_word' id='word_1_236' title='bbox 350 2975 398 3050; x_wconf 75' lang='lat' dir='ltr'>sit,</span> <span class='ocrx_word' id='word_1_237' title='bbox 414 2976 559 3038; x_wconf 88' lang='lat' dir='ltr'>maculari</span> <span class='ocrx_word' id='word_1_238' title='bbox 571 2974 839 3051; x_wconf 85' lang='lat' dir='ltr'>debonestarique,</span> <span class='ocrx_word' id='word_1_239' title='bbox 853 2983 883 3036; x_wconf 90' lang='lat' dir='ltr'>et</span> <span class='ocrx_word' id='word_1_240' title='bbox 893 2976 995 3050; x_wconf 89' lang='lat' dir='ltr'>palam</span> <span class='ocrx_word' id='word_1_241' title='bbox 1006 2991 1057 3036; x_wconf 90' lang='lat' dir='ltr'>res</span> <span class='ocrx_word' id='word_1_242' title='bbox 1069 2976 1196 3037; x_wconf 91' lang='lat' dir='ltr'>odiosas</span> 
     </span>
     <span class='ocr_line' id='line_1_33' title="bbox 210 3057 1197 3136; baseline 0.003 -20"><span class='ocrx_word' id='word_1_243' title='bbox 210 3057 276 3117; x_wconf 83' lang='lat' dir='ltr'>lieri</span> <span class='ocrx_word' id='word_1_244' title='bbox 297 3058 372 3120; x_wconf 89' lang='lat' dir='ltr'>iuris</span> <span class='ocrx_word' id='word_1_245' title='bbox 386 3060 477 3121; x_wconf 87' lang='lat' dir='ltr'>etiam</span> <span class='ocrx_word' id='word_1_246' title='bbox 496 3059 667 3136; x_wconf 88' lang='lat' dir='ltr'>usurpandi</span> <span class='ocrx_word' id='word_1_247' title='bbox 689 3075 799 3130; x_wconf 85' lang='lat' dir='ltr'>eausa,</span> <span class='ocrx_word' id='word_1_248' title='bbox 822 3075 862 3119; x_wconf 91' lang='lat' dir='ltr'>ne</span> <span class='ocrx_word' id='word_1_249' title='bbox 883 3076 940 3134; x_wconf 88' lang='lat' dir='ltr'>pro</span> <span class='ocrx_word' id='word_1_250' title='bbox 956 3059 1048 3121; x_wconf 93' lang='lat' dir='ltr'>dubio</span> <span class='ocrx_word' id='word_1_251' title='bbox 1063 3059 1197 3120; x_wconf 90' lang='lat' dir='ltr'>babeant</span> 
     </span>
     <span class='ocr_line' id='line_1_34' title="bbox 209 3140 1196 3219; baseline 0.004 -20"><span class='ocrx_word' id='word_1_252' title='bbox 209 3140 284 3202; x_wconf 91' lang='lat' dir='ltr'>nihil</span> <span class='ocrx_word' id='word_1_253' title='bbox 297 3142 376 3204; x_wconf 84' lang='lat' dir='ltr'>inter</span> <span class='ocrx_word' id='word_1_254' title='bbox 389 3159 424 3203; x_wconf 89' lang='lat' dir='ltr'>se</span> <span class='ocrx_word' id='word_1_255' title='bbox 438 3152 469 3205; x_wconf 92' lang='lat' dir='ltr'>et</span> <span class='ocrx_word' id='word_1_256' title='bbox 482 3151 608 3219; x_wconf 85' lang='lat' dir='ltr'>argento</span> <span class='ocrx_word' id='word_1_257' title='bbox 623 3151 731 3219; x_wconf 86' lang='lat' dir='ltr'>parata</span> <span class='ocrx_word' id='word_1_258' title='bbox 745 3144 897 3218; x_wconf 91' lang='lat' dir='ltr'>mancipia</span> <span class='ocrx_word' id='word_1_259' title='bbox 911 3143 1072 3204; x_wconf 86' lang='lat' dir='ltr'>interesse.</span> <span class='ocrx_word' id='word_1_260' title='bbox 1093 3151 1196 3204; x_wconf 87' lang='lat' dir='ltr'>motus</span> 
     </span>
     <span class='ocr_line' id='line_1_35' title="bbox 208 3224 1196 3307; baseline 0.006 -24"><span class='ocrx_word' id='word_1_261' title='bbox 208 3224 258 3285; x_wconf 87' lang='lat' dir='ltr'>bis</span> <span class='ocrx_word' id='word_1_262' title='bbox 280 3233 406 3287; x_wconf 88' lang='lat' dir='ltr'>senatus</span> <span class='ocrx_word' id='word_1_263' title='bbox 427 3227 543 3289; x_wconf 88' lang='lat' dir='ltr'>litteras</span> <span class='ocrx_word' id='word_1_264' title='bbox 557 3227 662 3307; x_wconf 74' lang='lat' dir='ltr'>Lyciis</span> <span class='ocrx_word' id='word_1_265' title='bbox 678 3228 718 3287; x_wconf 90' lang='lat' dir='ltr'>ad</span> <span class='ocrx_word' id='word_1_266' title='bbox 733 3226 872 3288; x_wconf 88' lang='lat' dir='ltr'>Rhodios</span> <span class='ocrx_word' id='word_1_267' title='bbox 887 3227 985 3298; x_wconf 89' lang='lat' dir='ltr'>dedit,</span> <span class='ocrx_word' id='word_1_268' title='bbox 1008 3243 1066 3288; x_wconf 91' lang='lat' dir='ltr'>nec</span> <span class='ocrx_word' id='word_1_269' title='bbox 1080 3226 1196 3305; x_wconf 82' lang='lat' dir='ltr'>Lycios</span> 
     </span>
     <span class='ocr_line' id='line_1_36' title="bbox 208 3307 1194 3387; baseline 0.003 -20"><span class='ocrx_word' id='word_1_270' title='bbox 208 3307 337 3371; x_wconf 85' lang='lat' dir='ltr'>Rhodiis</span> <span class='ocrx_word' id='word_1_271' title='bbox 353 3326 410 3371; x_wconf 89' lang='lat' dir='ltr'>nec</span> <span class='ocrx_word' id='word_1_272' title='bbox 423 3312 504 3378; x_wconf 85' lang='lat' dir='ltr'>ullos</span> <span class='ocrx_word' id='word_1_273' title='bbox 519 3310 571 3371; x_wconf 87' lang='lat' dir='ltr'>alli</span> <span class='ocrx_word' id='word_1_274' title='bbox 587 3311 740 3387; x_wconf 87' lang='lat' dir='ltr'>cuiquam,</span> <span class='ocrx_word' id='word_1_275' title='bbox 758 3311 810 3386; x_wconf 92' lang='lat' dir='ltr'>qui</span> <span class='ocrx_word' id='word_1_276' title='bbox 824 3310 887 3370; x_wconf 89' lang='lat' dir='ltr'>nati</span> <span class='ocrx_word' id='word_1_277' title='bbox 902 3311 989 3371; x_wconf 91' lang='lat' dir='ltr'>liberi</span> <span class='ocrx_word' id='word_1_278' title='bbox 1001 3311 1070 3386; x_wconf 72' lang='lat' dir='ltr'>sint,</span> <span class='ocrx_word' id='word_1_279' title='bbox 1085 3310 1116 3371; x_wconf 91' lang='lat' dir='ltr'>in</span> <span class='ocrx_word' id='word_1_280' title='bbox 1130 3326 1194 3371; x_wconf 89' lang='lat' dir='ltr'>ser-</span> 
     </span>
     <span class='ocr_line' id='line_1_37' title="bbox 208 3392 1194 3473; baseline 0.004 -24"><span class='ocrx_word' id='word_1_281' title='bbox 208 3393 333 3456; x_wconf 84' lang='lat' dir='ltr'>vitutem</span> <span class='ocrx_word' id='word_1_282' title='bbox 347 3395 412 3455; x_wconf 90' lang='lat' dir='ltr'>dari</span> <span class='ocrx_word' id='word_1_283' title='bbox 428 3396 558 3472; x_wconf 85' lang='lat' dir='ltr'>placere.</span> <span class='ocrx_word' id='word_1_284' title='bbox 581 3394 696 3473; x_wconf 82' lang='lat' dir='ltr'>Lycios</span> <span class='ocrx_word' id='word_1_285' title='bbox 710 3395 752 3455; x_wconf 89' lang='lat' dir='ltr'>ita</span> <span class='ocrx_word' id='word_1_286' title='bbox 766 3392 825 3454; x_wconf 91' lang='lat' dir='ltr'>sub</span> <span class='ocrx_word' id='word_1_287' title='bbox 835 3392 1023 3455; x_wconf 83' lang='lat' dir='ltr'>Itbodiorum</span> <span class='ocrx_word' id='word_1_288' title='bbox 1036 3395 1125 3456; x_wconf 90' lang='lat' dir='ltr'>simul</span> <span class='ocrx_word' id='word_1_289' title='bbox 1140 3395 1194 3454; x_wconf 91' lang='lat' dir='ltr'>im·</span> 
     </span>
     <span class='ocr_line' id='line_1_38' title="bbox 207 3475 1195 3563; baseline 0.004 -25"><span class='ocrx_word' id='word_1_290' title='bbox 207 3479 294 3550; x_wconf 88' lang='lat' dir='ltr'>perio</span> <span class='ocrx_word' id='word_1_291' title='bbox 309 3488 340 3542; x_wconf 88' lang='lat' dir='ltr'>et</span> <span class='ocrx_word' id='word_1_292' title='bbox 352 3482 541 3563; x_wconf 80' lang='lat' dir='ltr'>tutelaesse,</span> <span class='ocrx_word' id='word_1_293' title='bbox 556 3487 591 3541; x_wconf 93' lang='lat' dir='ltr'>ut</span> <span class='ocrx_word' id='word_1_294' title='bbox 604 3480 635 3540; x_wconf 92' lang='lat' dir='ltr'>in</span> <span class='ocrx_word' id='word_1_295' title='bbox 652 3477 774 3539; x_wconf 87' lang='lat' dir='ltr'>dicione</span> <span class='ocrx_word' id='word_1_296' title='bbox 788 3475 897 3553; x_wconf 90' lang='lat' dir='ltr'>populi</span> <span class='ocrx_word' id='word_1_297' title='bbox 910 3476 1041 3540; x_wconf 87' lang='lat' dir='ltr'>Romani</span> <span class='ocrx_word' id='word_1_298' title='bbox 1057 3479 1195 3541; x_wconf 86' lang='lat' dir='ltr'>civitates</span> 
     </span>
     <span class='ocr_line' id='line_1_39' title="bbox 206 3562 399 3625; baseline 0.021 -7"><span class='ocrx_word' id='word_1_299' title='bbox 206 3562 311 3623; x_wconf 89' lang='lat' dir='ltr'>sociae</span> <span class='ocrx_word' id='word_1_300' title='bbox 329 3563 399 3625; x_wconf 86' lang='lat' dir='ltr'>sint.</span> 
     </span>
    </p>
   </div>
   <div class='ocr_carea' id='block_1_4' title="bbox 0 0 1326 4017">
    <p class='ocr_par' dir='ltr' id='par_1_7' title="bbox 0 0 1326 4017">
     <span class='ocr_line' id='line_1_40' title="bbox 0 0 1326 4017; baseline 0 3"><span class='ocrx_word' id='word_1_301' title='bbox 0 0 1326 4017; x_wconf 95' lang='lat' dir='ltr'> </span> 
     </span>
    </p>
   </div>
  </div>
 </body>
</html>
