2642 4017
218 325 224 337 ⁸
252 317 314 383 150
399 317 515 379 LIBER
528 316 616 376 XLII.
639 316 722 376 cnP.
737 326 780 378 25.
792 325 836 380 26·
858 319 896 395 [ι.
911 323 948 375 U.
962 339 987 376 o.
1001 320 1064 396 58⁰]

252 483 284 536 et
296 473 322 534 sl
336 474 368 534 in
382 472 516 533 animum
529 469 722 543 inducerent,
738 475 771 530 ut
784 484 824 529 ex
839 484 939 545 semro
956 469 1067 530 foedus
1080 469 1182 544 lieret,
1204 480 1231 533 et

254 575 290 618 se
305 557 443 618 risurum
458 555 532 630 quid
546 553 605 614 sibi
618 552 796 613 faciundum
810 559 903 627 esset,
919 561 951 614 et
963 553 1034 614 illos
1048 553 1174 614 medere
1187 556 1231 616 rei

253 640 395 718 publicae
410 638 616 700 consulturos.
639 643 733 710 atque
752 635 793 695 ila
816 650 853 697 se
871 635 1083 712 proripuisse,
1104 644 1135 698 et
1148 653 1230 699 sum·

253 724 371 785 moveri
385 739 403 783 e
417 721 503 797 regia
517 735 625 781 ornnes
640 726 780 795 coeptos.
800 726 863 781 tum
874 735 910 780 se
920 720 1082 781 anniutlam
1091 727 1124 781 et
1133 721 1231 782 sooie·

253 813 345 869 tatenr
370 804 575 866 renuntiasse.
609 818 672 879 qua
694 818 773 864 vooe
798 818 868 863 eum
891 818 1062 865 accensum·
1080 804 1231 866 restitisse

254 899 347 966 atque
362 904 440 949 voee
452 888 535 947 clara
549 886 749 948 denuntiasse
763 885 830 958 sibi,
853 893 887 947 ut
899 886 1000 949 triduo
1014 887 1101 963 regni
1114 887 1164 948 sui
1177 887 1230 948 de

255 973 402 1034 oederent
415 970 544 1031 tinibusz
566 970 608 1030 ita
623 984 658 1030 se
672 971 846 1046 proiectos3
868 985 927 1030 neo
946 971 1006 1031 sibi
1020 977 1073 1032 aut
1085 974 1231 1033 munt·

252 1057 307 1117 bos
331 1062 386 1116 osu
410 1054 604 1115 manentibus
630 1053 794 1130 quiequam
819 1053 1012 1129 hospitaliter
1029 1061 1081 1117 aut
1099 1054 1231 1129 benigne

253 1140 375 1198 laetum.
396 1137 535 1198 Thessali
555 1135 668 1198 deinde
688 1138 851 1213 Aetolique
870 1138 961 1212 legati
975 1137 1080 1199 andiu.
1102 1138 1230 1213 senatui,

253 1229 287 1282 ut
300 1222 414 1283 seirent
429 1236 520 1297 quam
535 1221 663 1297 primum
675 1221 787 1297 quibus
799 1221 929 1281 ducibus
939 1237 1095 1282 usurares
1108 1221 1231 1297 publiea

253 1312 346 1379 esset,
357 1306 474 1366 litteras
485 1304 560 1365 mitti
571 1303 751 1366 oonsulibus
760 1305 882 1381 placuit,
899 1311 1127 1367 utulereorum
1137 1311 1230 1380 esset,

253 1390 383 1450 Romam
404 1389 445 1449 ad
464 1388 659 1464 magistratus
681 1388 832 1449 creandos
852 1388 980 1449 venum
1022 1389 1129 1449 XXVI.
1157 1387 1231 1449 nibil

252 1488 450 1549 magnopere,
466 1473 550 1547 quod
564 1473 726 1534 memorari
740 1473 873 1545 attineat
889 1472 934 1533 rei
945 1472 1088 1548 publicae
1099 1488 1138 1534 eo
1148 1488 1228 1534 anuo

253 1557 398 1618 eonsules
419 1562 589 1632 gesserant.
611 1557 710 1631 magis
730 1570 798 1616 ere
818 1556 941 1631 publiea
954 1557 1055 1618 visum
1068 1562 1133 1617 erat
1147 1572 1227 1616 eoru

252 1640 340 1715 primi
356 1655 392 1699 ae
406 1640 509 1700 sedari
523 1646 726 1716 exasperatos
739 1639 877 1714 ligures.

338 1722 413 1782 Cum
427 1722 666 1802 'Macedonicum
687 1723 801 1784 bellurn
821 1729 1068 1799 exspectaretur,
1090 1722 1229 1785 Gentium

253 1821 378 1881 quoque
393 1804 565 1881 lllyriorum
578 1822 683 1881 regem
699 1813 878 1882 suspectum
891 1807 1034 1868 Issenses
1045 1807 1136 1882 legati
1148 1807 1228 1866 iene-

253 1897 338 1964 runl,
361 1889 451 1949 simul
466 1890 566 1964 questi
580 1891 659 1950 lines
675 1906 751 1950 suos
766 1891 905 1951 seeundo
920 1891 1115 1967 populatum,
1138 1889 1228 1950 simul

252 1973 426 2035 nuntiantes
436 1989 500 2034 uno
511 1972 612 2034 animo
623 1975 728 2034 vivere
737 1972 940 2035 Macedonum
952 1981 1046 2050 atque
1056 1972 1228 2052 lllyriorum

251 2072 370 2134 regern,
397 2058 550 2118 communi
575 2056 703 2118 oonsilio
728 2072 839 2132 parare
862 2057 1010 2120 Romanis
1035 2058 1164 2127 bellum;
1198 2063 1229 2117 et

251 2141 358 2216 specie
371 2142 541 2216 legatorum
554 2140 678 2220 Illyrios
692 2142 904 2217 speculatores
918 2143 1035 2203 Romae
1049 2157 1122 2202 esse
1134 2140 1228 2200 Perse

251 2232 377 2286 auctore
391 2224 516 2300 missos,
537 2225 659 2301 utquid
673 2230 816 2300 ageretur
828 2226 951 2286 seirent
971 2224 1067 2303 Illyrii
1080 2224 1181 2287 vocati
1196 2222 1226 2283 in

252 2315 407 2377 senatum
431 2309 484 2383 qui
505 2325 575 2370 eum
594 2312 714 2386 legatos
734 2324 770 2369 se
784 2324 856 2369 esse
872 2310 986 2371 missos
1003 2309 1043 2369 ab
1056 2325 1130 2385 rege
1144 2308 1225 2368 dioe-

249 2401 320 2454 rent
333 2392 373 2452 ad
387 2392 549 2467 purganda
561 2392 697 2466 erimina,
713 2393 739 2452 si
754 2410 816 2468 qua
830 2394 870 2454 de
883 2408 958 2468 rege
970 2394 1115 2454 Issenses
1126 2392 1226 2452 deler-

250 2483 328 2548 rent,
344 2476 525 2549 quaesitum,
541 2475 653 2550 ecquid
666 2476 708 2535 ita
721 2490 783 2536 non
797 2477 936 2538 adissent
949 2475 1173 2553 magistratum,
1192 2482 1227 2535 ut

250 2574 290 2617 ex
309 2558 445 2618 instituto
466 2559 534 2617 toea
553 2557 647 2619 lautia
667 2557 855 2636 aeeiperent,
876 2560 1006 2623 sciretur
1026 2560 1159 2637 denique
1172 2573 1226 2618 ve

250 2638 335 2699 nisse
349 2655 414 2710 eos,
430 2647 461 2700 et
475 2656 569 2715 super
585 2658 647 2716 qua
660 2657 694 2701 re
708 2643 873 2704 venissent.
895 2644 1116 2706 haesitantibus
1131 2641 1161 2703 in
1177 2655 1226 2702 re·

249 2738 378 2798 sponso,
388 2730 422 2784 ut
432 2724 516 2784 euna
523 2725 718 2799 excederent,
731 2726 859 2786 diuturna
873 2743 1060 2804 responsum
1070 2734 1227 2801 tamquam

247 2806 372 2882 legatis,
391 2814 427 2868 ut
440 2808 492 2883 qni
507 2808 592 2869 adire
605 2817 744 2871 senatum
759 2826 821 2871 non
836 2814 1060 2887 postulassent,
1082 2810 1151 2872 dari
1162 2824 1227 2870 non

249 2890 377 2964 placuit,
400 2890 627 2969 mittendosque
642 2894 682 2955 ad
695 2908 800 2969 regem
813 2897 932 2971 legatos
947 2901 1147 2966 censuerunt,
1171 2893 1224 2968 qul

248 2974 435 3051 nuntiarent,
456 2975 509 3053 qui
523 2977 602 3039 socii
616 2987 815 3054 quererentur
828 2981 911 3055 apud
925 2985 1064 3043 senatum
1079 2984 1226 3040 exustum

247 3072 265 3121 a
279 3073 352 3133 rege
367 3077 482 3136 agrum,
497 3077 559 3122 non
574 3078 706 3138 aequum
721 3079 790 3123 eum
805 3064 917 3139 faeere,
932 3063 985 3139 qui
998 3064 1038 3125 ab
1050 3063 1145 3125 soeiis
1156 3061 1224 3122 suis

247 3157 308 3200 non
324 3142 490 3205 abstineret
504 3145 653 3205 iniuriam.
674 3147 703 3205 in
719 3146 798 3206 hano
812 3146 995 3221 legationem
1008 3147 1095 3209 missi
1110 3146 1147 3207 h
1165 3146 1223 3206 Te-

245 3226 361 3285 rentius
381 3228 481 3287 Varro
504 3228 535 3288 c.
557 3229 727 3290 Plaetorius
750 3230 781 3289 G.
806 3230 970 3293 Cicereius.
997 3247 1037 3292 ex
1058 3230 1144 3302 Asia,
1168 3225 1225 3303 qui

246 3309 328 3370 eirca
341 3310 445 3372 socios
456 3326 548 3386 reges
556 3313 643 3373 missi
654 3319 749 3387 erant,
764 3313 920 3374 redierunt
929 3315 1030 3389 legati,
1045 3315 1099 3390 qui
1108 3329 1224 3374 renun-

244 3391 357 3454 tiarunt
370 3393 526 3454 Eumenen
542 3395 633 3469 inea,
648 3396 833 3457 Antiochum
847 3398 878 3456 in
894 3396 994 3475 Syria,
1009 3397 1223 3459 Ptolernaeum

244 3476 275 3534 in
291 3477 476 3538 Alexandria
495 3493 566 3537 sese
589 3481 782 3539 convenisse.
806 3494 913 3540 omnes
934 3480 1115 3542 sollicitatos
1136 3482 1223 3553 lega-

245 3558 377 3621 tionibus
392 3560 506 3634 Persei‚
522 3561 578 3621 sed
591 3563 715 3637 egregie
728 3563 758 3622 in
773 3563 835 3623 tide
847 3578 1036 3638 permanere,
1051 3563 1222 3638 pollicitos·
1314 3642 1315 3653 ἵ

1309 908 1315 1227 l
