2642 4017
287 274 403 337 LIBER
416 276 506 337 XLV.
528 276 612 338 cup.
626 285 671 340 ao.
684 284 728 340 ar.
751 283 832 351 [sc.
845 283 907 352 lm]
1022 276 1095 344 279⁴

104 443 178 490 esse
197 427 313 489 liberos
332 426 454 489 iubere:
483 428 639 504 praesidia
653 445 694 489 ex
710 429 852 493 omnibus
868 432 991 508 oppidis
1006 435 1081 495 orci·

104 513 165 574 bus
180 519 211 574 et
224 510 360 573 castellis
375 527 447 573 sese
461 512 674 574 deducturum.
694 530 757 575 non
772 515 872 576 solum
886 516 1011 591 liberos,
1026 518 1085 579 sed

103 596 195 658 etiem
205 593 356 656 immunes
367 596 435 656 iore
445 596 588 657 Issenses
601 603 632 658 et
640 596 825 671 Taulantios,
837 599 1085 662 Dassaretiorum

102 679 249 754 Pirustas,
263 678 451 753 Rhizonitas,
474 677 647 755 Olciniatas,
664 681 749 756 quod
762 679 906 744 incolumi
922 683 1030 746 Gentio
1043 685 1085 744 ad

103 764 262 824 Romanos
272 762 468 824 deiecissent.
479 762 626 825 Daorseis
638 780 764 840 quoque
774 765 990 828 immunitatem
1000 767 1084 842 dere,

105 846 191 923 quod
204 846 311 907 relicto
327 846 506 907 Caravantio
522 861 591 907 cum
610 848 705 908 armis
725 848 765 909 ad
783 849 941 911 Romanos
956 852 1082 928 hausis-

104 937 183 992 sent.
203 929 429 992 Scodrensibus
450 936 482 991 et
493 930 738 992 Dassarensibus
758 940 790 994 et
803 931 988 1009 Selepitanis
1002 942 1082 995 eete-

102 1015 211 1090 risque
220 1014 332 1092 illyriis
344 1014 473 1088 vectigal
485 1013 642 1075 dimidium
651 1015 827 1091 impositum
838 1017 916 1093 eius,
928 1018 1083 1093 quodregi

104 1097 334 1174 pependissent.
356 1096 429 1158 inde
442 1098 473 1158 in
487 1105 551 1159 tres
566 1106 672 1173 partes
684 1099 840 1179 Illyricum
854 1100 966 1163 divisit.
988 1117 1080 1163 unam

105 1197 175 1242 eam
187 1181 260 1242 iecit
277 1195 357 1256 quae
371 1196 466 1258 supra
480 1180 562 1263 dicta
576 1189 638 1257 est,
659 1184 785 1245 alteram
798 1183 949 1247 Labeatas
966 1200 1081 1259 ornnes,

103 1263 222 1326 tertiam
232 1265 439 1340 Agrauonitas
448 1271 479 1326 et
488 1264 667 1327 Rhizonitas
679 1272 710 1328 et
721 1264 884 1329 Olciniatas
896 1268 1083 1342 accolasque

103 1364 220 1410 eorum.
241 1347 302 1409 hae
316 1348 446 1409 iormula
460 1348 543 1409 dicta
555 1350 586 1408 in
597 1349 731 1426 Illyrico,
746 1350 815 1425 ipse
830 1350 861 1410 in
875 1351 959 1426 Epiri
970 1350 1080 1410 Passa·

102 1447 212 1493 renem
225 1432 257 1492 iu
270 1431 399 1492 hiberna
411 1432 511 1493 rediit.

185 1515 306 1578 XXVII.
327 1517 406 1577 Dum
426 1514 504 1575 haec
517 1514 548 1574 in
562 1515 685 1592 Illyrico
699 1521 861 1591 geruntur,
884 1515 996 1577 Pardus
1012 1523 1082 1579 ante

102 1598 268 1661 adventum
289 1599 397 1660 decem
417 1600 585 1674 legatorum
601 1597 634 1671 Q.
649 1598 815 1659 Maximum
835 1596 946 1672 filium,
967 1599 1026 1659 iam
1042 1600 1081 1660 ab

101 1684 201 1744 Roma
221 1698 414 1759 regressum,
436 1683 477 1743 ad
496 1681 660 1756 Aeginium
680 1689 710 1743 et
730 1683 870 1757 Agassas
893 1679 1081 1758 diripiendas

100 1766 198 1839 mittit,
213 1768 362 1842 Agassas,
379 1766 464 1843 quod
478 1780 547 1826 cum
560 1764 676 1826 Marcio
689 1766 808 1829 consuli
820 1766 1017 1829 tradidissent
1031 1783 1080 1828 ur-

100 1849 172 1910 bem
186 1851 278 1926 petita
291 1851 371 1911 ultro
388 1849 535 1911 societate
548 1850 704 1924 Romana,
722 1849 900 1912 deiecerant
917 1866 1026 1912 nusus
1041 1851 1080 1911 ad
1137 1900 1140 1905 .

102 1932 227 1995 Persea.
248 1933 480 2008 Aeginiensium
500 1949 615 1993 novum
629 1934 744 1994 crimen
765 1941 844 1997 erat:
869 1936 969 1994 lamae
982 1934 1023 1993 de
1037 1935 1082 1992 vi·

102 2018 199 2078 ctoria
212 2019 421 2079 Romanorum
435 2017 528 2077 iidem
543 2033 605 2078 non
619 2016 777 2090 habentos,
793 2015 825 2077 in
841 2017 994 2093 quosdam
1004 2016 1081 2075 mili-

100 2108 166 2161 tum
186 2101 294 2161 urbem
313 2099 472 2175 ingressos
486 2100 636 2162 hostiliter
654 2099 837 2162 saevierant
859 2100 900 2161 ad
913 2097 1081 2161 Aeniorum

104 2198 230 2260 quoque
252 2183 360 2244 urbem
384 2182 586 2259 diripiendam
610 2184 644 2244 L.
666 2184 854 2247 Postmnium
872 2182 967 2254 misit,
997 2183 1081 2257 quod

102 2266 291 2344 pertinacius
312 2283 404 2345 quarn
418 2267 563 2329 finitimae
578 2267 717 2330 civitates
730 2267 761 2327 in
775 2268 868 2329 minis
883 2268 1010 2329 inerant.
1028 2282 1082 2327 au·

103 2352 217 2412 otumni
232 2353 297 2411 lere
309 2360 432 2427 tempus
448 2358 528 2422 erats
548 2351 639 2413 curius
648 2351 796 2427 temporis
805 2352 889 2414 initio
900 2351 939 2411 ad
952 2351 1081 2411 obcum-

102 2436 234 2496 eundam
244 2436 402 2498 Graeciam
412 2435 605 2512 visendaque
616 2452 697 2512 quae
707 2435 864 2498 nobilitata
874 2436 955 2495 lama
966 2433 1082 2494 maiora

101 2519 228 2580 auribus
242 2526 371 2597 accepto
385 2528 469 2594 sunt,
492 2536 583 2596 quam
599 2520 697 2582 oculis
711 2522 896 2593 noscuntur,
920 2526 955 2580 ut
969 2516 1081 2591 statuit,

103 2604 280 2678 praeposito
302 2604 412 2666 eastris
433 2604 465 2666 G.
481 2603 720 2679 SulpicioGallo
741 2605 898 2679 proiectus
915 2618 984 2663 cum
997 2600 1083 2664 haud

102 2700 214 2759 magno
230 2686 388 2760 comitatu,
411 2687 584 2762 tegentibus
598 2690 694 2749 latera
707 2686 852 2763 Scipione
866 2684 929 2748 illio
944 2693 974 2746 et
987 2685 1081 2746 Athe·

103 2783 183 2829 naeo
197 2769 342 2829 Eumenis
360 2770 444 2844 regis
466 2770 558 2830 fratre
572 2785 630 2846 per
641 2770 831 2833 Thessaliam
845 2770 982 2845 Delphos
996 2768 1082 2845 petit,

101 2851 249 2913 inclutum
259 2853 434 2922 oraculums
454 2850 508 2913 ubi
518 2851 672 2913 sacrificio
682 2851 818 2928 Apollini
829 2853 909 2913 lacto
921 2852 1081 2913 inchoatas

103 2937 135 2996 in
156 2934 309 2996 vestibulo
330 2935 506 3007 columnas,
535 2935 646 3009 quibus
668 2935 840 3010 imposituri
861 2941 978 2995 statuas
999 2933 1081 3010 regis

101 3018 207 3081 Persei
231 3020 365 3091 luerent,
392 3018 459 3093 suis
480 3019 588 3078 statuis
609 3018 709 3079 victor
729 3018 901 3081 destinavit.
928 3018 1083 3081 Lebadiae

103 3120 229 3181 quoqne
249 3104 394 3179 templum
414 3101 498 3163 lovis
516 3099 684 3178 'lhophonii
703 3102 783 3164 adite
807 3100 850 3162 ibi
871 3117 940 3164 oum
952 3102 1083 3163 vidisset

103 3203 140 3249 os
161 3203 293 3264 specus,
318 3202 376 3263 per
394 3185 479 3263 quod
500 3186 625 3247 oraculo
652 3191 776 3247 utenms
795 3185 982 3249 sciscitatmn
1003 3187 1081 3246 deos

102 3272 309 3346 descendunt,
329 3269 483 3333 samario
497 3268 564 3332 lovi
577 3269 825 3348 Hercynnaeque
838 3271 928 3344 iacto,
952 3284 1082 3344 quorum

101 3354 144 3415 ibi
157 3355 304 3432 templum
315 3361 373 3428 est,
388 3354 562 3416 chdoldem
572 3354 613 3414 ad
624 3354 834 3430 spectaculum
844 3353 951 3430 Duripi
960 3351 1080 3411 Euboe·

102 3453 202 3510 aeque
214 3444 318 3499 tantae
331 3438 460 3513 insulse,
474 3444 569 3513 ponte
584 3437 895 3511 continentriunctee,
911 3432 1081 3495 descendit.

101 3536 122 3579 a
136 3521 279 3581 chalcide
291 3519 434 3582 Aulidem
447 3521 555 3595 traicit,
569 3521 658 3583 trium
670 3520 785 3585 milium
797 3520 897 3594 spatio
910 3515 1081 3589 distantem,
