2642 4017
230 256 293 322 ass
397 252 1039 330 usuumV.cnr.ss.sn[s.u.asss1

227 410 341 471 intacta
355 404 472 466 invidia
491 404 593 466 media
612 409 700 465 sunta
729 403 770 464 ud
783 418 903 464 summa
918 404 1013 464 terme
1027 401 1134 463 tendit
1156 417 1216 463 nec

228 494 269 555 de
278 488 380 552 Anicii
391 504 450 550 nec
464 488 504 550 de
516 486 634 549 Octavii
643 487 799 564 triumpho
809 486 980 549 dubitatum
991 491 1055 549 esta
1076 485 1215 559 Paulum,

230 576 280 638 cui
301 573 362 652 ipsi
382 586 509 649 quoque
528 587 565 633 se
586 586 769 649 comparare
794 569 1006 646 erubuissent,
1032 567 1215 632 obtrectatio

229 657 355 737 carpsit
383 657 509 732 auuqua
528 655 692 732 disciplina
712 655 823 716 milites
843 655 1008 725 habuerat,
1037 655 1077 714 de
1098 652 1218 731 praeda

229 742 356 821 paraius
370 757 464 818 quam
475 747 678 818 speraverant
689 754 730 800 ex
739 738 832 801 unus
842 739 935 815 regiis
948 738 1072 814 opibus,
1087 737 1217 799 dederat

230 827 305 889 nihil
318 824 479 900 relicturis,
493 821 522 886 si
536 821 675 886 aviditati
689 823 907 900 indulgeretur,
923 823 1009 900 quod
1020 820 1051 882 in
1062 820 1217 882 aerarium

231 912 374 973 deterret
408 914 491 970 totus
515 907 737 969 Macedonicus
763 907 918 970 exmoltus
949 903 1127 983 imperatori
1150 911 1217 966 erat

231 994 429 1070 neglegenter
455 992 617 1053 adiuturus
639 991 772 1054 comitiis
794 992 942 1053 terendae
960 990 1050 1066 legis.
1080 989 1138 1050 sod
1158 1003 1215 1050 eos

231 1078 299 1140 Ser.
315 1074 471 1151 Sulpicius
486 1075 599 1150 Galba,
624 1076 678 1152 qui
697 1074 837 1137 mbunus
851 1073 979 1135 militum
999 1072 1158 1135 secundae
1171 1074 1215 1133 le·

231 1160 332 1237 monis
345 1159 378 1218 iu
391 1157 574 1221 Macedonia
590 1161 698 1235 inerat,
720 1159 860 1235 privatim
873 1157 1051 1235 impemtori
1065 1155 1216 1232 inimicus,

231 1241 410 1322 prensando
429 1242 499 1320 ipse
519 1248 551 1303 et
570 1259 627 1319 per
648 1258 725 1305 suae
744 1241 876 1319 legionis
894 1240 1005 1304 milites
1020 1240 1215 1304 sollieitando

232 1327 454 1400 stimulaverat,
475 1332 509 1388 ut
528 1326 706 1404 trequentes
727 1325 769 1387 ad
789 1326 970 1402 sudragium
983 1326 1140 1387 adessent.
1160 1323 1216 1385 im·

233 1413 391 1489 pertesum
415 1411 527 1472 ducem
550 1418 582 1471 et
609 1411 777 1487 mmignnm
801 1410 989 1487 anuquando
1013 1408 1216 1487 rogationem,

233 1511 313 1573 qnae
334 1496 375 1557 de
395 1494 548 1571 triumpho
569 1494 637 1556 eius
663 1495 809 1568 terretur,
835 1493 1067 1567 ulciscerentur.
1093 1492 1218 1569 plebem

231 1581 380 1642 urbanam
393 1585 568 1640 secuturam
581 1594 655 1641 essa
668 1578 796 1641 militum
810 1577 934 1641 indicia.
955 1576 1118 1654 pecuniam
1131 1576 1217 1637 illum

232 1664 309 1725 dara
322 1679 385 1725 non
400 1662 556 1739 potuisses
577 1661 703 1724 mititem
717 1662 869 1724 honorem
879 1662 955 1723 dare
964 1677 1071 1739 posse.
1093 1676 1134 1722 na
1144 1675 1216 1737 spe·

232 1754 314 1807 reret
333 1745 375 1807 ibi
389 1747 521 1808 iruutuna
535 1746 661 1822 maiae,
682 1747 736 1807 ubi
749 1762 812 1809 nou
826 1746 1000 1808 mansisset.
1021 1744 1156 1807 xxxvl.
1178 1744 1218 1805 iis

232 1829 373 1905 inuitatis,
389 1844 458 1891 eum
471 1830 502 1891 in
515 1829 665 1906 capitolio
676 1831 868 1907 rogationem
879 1846 948 1892 eam
957 1830 1002 1891 Ti.
1013 1828 1216 1905 Sempronius

232 1913 372 1975 tribunus
394 1913 493 1989 plebis
513 1916 621 1988 terret,
643 1920 675 1975 et
695 1914 821 1990 privatis
841 1914 882 1976 de
900 1915 970 1991 lege
989 1912 1113 1978 meandi
1128 1913 1218 1974 locus

234 2004 333 2075 esset,
355 1998 395 2059 ad
416 1998 609 2061 suadendum
628 2005 664 2060 ut
681 1998 714 2058 in
733 2014 768 2060 re
789 1998 912 2061 minime
926 1998 1019 2060 dubia
1032 1997 1115 2059 haud
1132 1996 1217 2074 quis·

236 2099 325 2160 quam
345 2083 543 2160 procederet,
566 2081 633 2144 Ser.
655 2081 753 2143 Galba
770 2089 899 2159 repente
919 2082 1075 2159 processit
1088 2088 1120 2143 et
1132 2097 1151 2141 a
1165 2080 1218 2142 tri·

235 2164 325 2228 bunis
339 2168 516 2242 postulavit,
531 2174 573 2243 ut,
595 2164 743 2243 quoniam
757 2166 835 2228 hora
848 2168 909 2227 iam
924 2173 1033 2229 octava
1048 2165 1109 2227 diei
1122 2172 1217 2241 esset,

234 2266 291 2311 uec
312 2251 388 2312 satis
408 2251 556 2328 temporis
576 2252 618 2312 ad
645 2250 918 2313 demonstrandum
940 2249 1083 2324 haberet,
1108 2265 1163 2311 our
1181 2250 1218 2310 L.

236 2334 395 2396 Aemilium
421 2351 484 2397 non
511 2336 653 2396 iuberent
673 2334 876 2410 triumphare,
905 2333 936 2394 iu
957 2340 1115 2410 postemm
1135 2332 1218 2395 diem

236 2417 392 2478 differrent
408 2425 439 2478 et
458 2434 547 2478 mane
569 2432 637 2477 eam
654 2433 722 2478 rem
744 2426 884 2494 agerenta
905 2418 1024 2494 integro
1039 2417 1099 2479 sibi
1112 2417 1163 2479 die
1176 2416 1218 2477 ad

236 2516 362 2561 cansam
377 2515 445 2560 eam
460 2502 608 2562 orandam
622 2516 704 2575 opus
719 2517 801 2562 esse.
823 2517 892 2564 eum
904 2502 1044 2564 uibunus
1060 2502 1164 2563 dicere
1179 2515 1218 2563 eo

236 2582 295 2655 die,
312 2585 339 2642 si
355 2582 430 2657 quid
444 2584 545 2657 vellet,
559 2581 687 2655 iuberet,
709 2585 739 2644 in
755 2591 877 2646 noctem
890 2601 956 2646 rem
969 2585 1102 2648 dicendo
1117 2592 1216 2647 extra·

234 2664 291 2739 xit,
312 2666 475 2727 referendo
489 2666 750 2744 admonendoque
769 2675 879 2731 exacta
892 2671 1004 2731 acerbe
1023 2669 1129 2732 munia
1140 2668 1219 2730 mili·

236 2747 308 2820 tiae;
339 2749 410 2824 plns
431 2750 562 2826 laboris,
584 2751 656 2827 plus
675 2751 804 2828 periculi
826 2770 919 2829 quam
940 2752 1151 2816 desiderasset
1163 2769 1218 2816 res

235 2831 419 2905 iniunctum
443 2842 550 2899 eontm
562 2834 593 2896 in
608 2835 768 2914 praemiis,
789 2837 820 2898 in
833 2837 1005 2899 honoribus
1021 2839 1123 2901 omnia
1137 2845 1218 2900 arta·

234 2924 282 2987 ta;
303 2915 509 2996 militiamque,
526 2920 554 2982 si
567 2920 680 2982 talibm
695 2922 844 2983 succedat
859 2922 999 2997 ducibus,
1014 2922 1219 2984 horridiorem

234 3002 486 3079 asperioremque
510 3004 709 3081 bellantibus,
734 3005 866 3068 eandem
894 3004 1065 3070 victoribus
1092 3005 1219 3082 inopem

234 3091 327 3160 atque
337 3086 549 3150 inhonoratam
561 3090 702 3150 futuram.
713 3089 903 3152 Macedonas
914 3088 946 3152 in
957 3091 1083 3154 meliore
1096 3091 1220 3154 fortuna

235 3184 328 3243 quam
341 3168 452 3232 milites
462 3173 619 3234 Romanos
633 3189 715 3234 esse.
738 3175 764 3234 si
779 3175 957 3250 trequentes
969 3184 1096 3252 postero
1111 3174 1162 3235 die
1177 3174 1218 3235 ad

234 3253 333 3329 legem
348 3253 566 3331 antiquandam
581 3256 737 3333 adessent,
753 3256 962 3321 intellecturos
974 3268 1117 3336 potentes
1129 3258 1217 3321 viros

234 3354 297 3399 non
318 3337 420 3401 omnia
433 3337 465 3399 in
480 3339 577 3413 ducis,
598 3340 714 3417 aliquid
728 3349 758 3403 et
771 3342 802 3401 in
814 3342 941 3405 militum
954 3358 1048 3405 manu
1062 3358 1145 3407 esse.
1165 3342 1217 3404 his

235 3422 365 3484 vocibus
386 3421 498 3484 incitati
513 3430 638 3498 postero
654 3425 705 3485 die
718 3425 827 3487 milites
839 3432 924 3488 tanta
938 3427 1111 3503 frequentia
1125 3425 1216 3504 capi·

235 3506 341 3567 lolium
357 3509 599 3582 compleverunt,
621 3514 655 3567 nt
671 3508 771 3569 aditus
785 3508 858 3568 nulli
872 3516 1033 3586 praeterea
1046 3511 1088 3572 ad
1102 3508 1211 3573 suffra·
1319 3567 1320 3580 ,
