2642 4017
248 241 312 306 164
409 241 525 301 LIBER
538 241 627 302 XLII.
650 240 734 301 CAP.
748 248 793 302 tl.
804 248 848 302 tt.
871 246 907 313 [ι.
918 244 955 299 U.
967 261 992 298 c.
1004 245 1067 312 ⁶81]

247 393 325 453 haee
345 391 469 467 quidem
489 391 562 451 mibi
582 397 740 473 tamquam
757 405 883 451 causam
904 389 1017 450 meanti
1037 404 1092 449 reo
1107 390 1233 451 obiecta

248 483 335 538 suut:
363 476 416 536 illa
429 483 585 549 tamquam
599 475 680 550 regi,
697 481 728 535 et
742 488 822 550 quae
842 473 882 533 de
896 473 1039 548 loedere,
1057 472 1142 548 quod
1156 473 1234 534 mibi

249 567 299 622 est
313 559 483 634 vobiscum,
500 559 753 633 disceptationem
767 558 909 617 habeant.
927 573 998 617 nam
1013 557 1041 619 si
1058 564 1106 618 est
1119 557 1150 616 in
1164 558 1233 618 foe-

248 644 323 705 dera
337 645 380 704 ita
394 643 556 718 scriptum,
572 648 607 702 ut
626 657 666 701 na
688 641 716 702 si
737 641 850 703 bellum
872 640 996 717 quidem
1018 641 1087 716 quis
1109 641 1231 713 inierat,

247 726 325 788 tueri
339 742 388 787 me
400 740 591 802 regnumque
601 739 702 785 meum
712 724 810 799 liceat,
821 723 895 785 mibi
907 724 1063 785 latendum
1074 730 1131 798 est,
1145 725 1233 799 quod

248 827 298 872 me
312 810 405 871 armis
420 809 572 870 adversus
583 807 765 884 Abrupolim
780 809 898 869 socium
913 809 1020 884 populi
1034 808 1163 870 Romani
1175 809 1231 869 de·
1248 874 1251 878 ,

248 894 413 966 ienderim,
428 893 540 954 foedus
553 891 700 952 violatum
718 905 799 952 essa.
828 892 877 952 sin
889 898 989 952 autem
1000 890 1062 952 hoc
1072 892 1232 955 etexioe-

248 979 322 1038 <lore
337 976 435 1049 licuit,
451 982 482 1036 et
494 975 560 1035 iure
575 974 711 1050 gentium
724 974 766 1036 ita
786 982 996 1051 comparatum
1015 983 1078 1049 est,
1098 982 1132 1036 ut
1144 991 1231 1035 arma

247 1061 479 1137 propulsentur,
498 1059 573 1136 quid
587 1059 710 1120 tandem
724 1075 774 1119 mo
786 1060 890 1120 iacere
907 1058 1025 1134 decuit,
1040 1074 1111 1119 curn
1125 1058 1215 1120 Abru

250 1144 332 1220 polis
347 1144 426 1203 ilnes
439 1143 500 1203 mei
514 1143 599 1218 regni
614 1143 769 1219 usquead
784 1142 993 1219 Amphipolim
1007 1149 1229 1218 pervastasset,

246 1228 342 1287 malta
355 1226 450 1287 libera
463 1227 574 1303 capita,
587 1243 729 1302 magnam
742 1227 804 1288 vim
818 1227 1049 1302 mancipiorum,
1065 1227 1158 1288 multa
1172 1225 1231 1286 mi·
1272 1281 1279 1285 .

249 1312 291 1371 lia
310 1326 457 1387 pacorum
482 1310 660 1386 abegissott
699 1311 889 1388 quiescerem
912 1317 943 1372 ot
967 1317 1105 1386 paterer,
1126 1310 1229 1371 donec

248 1395 362 1456 Pellam
374 1402 404 1455 at
416 1395 448 1455 in
461 1394 578 1470 regiam
592 1411 691 1454 meam
705 1402 839 1456 armatus
855 1394 1072 1471 pervenissem
1101 1394 1229 1454 atenim

248 1478 329 1540 bello
350 1478 474 1553 quidam
488 1479 568 1540 iusto
583 1495 652 1539 sum
666 1486 862 1554 persecutus,
884 1479 943 1539 sed
956 1478 1038 1538 vinci
1049 1494 1111 1539 non
1131 1494 1228 1554 opor-

247 1563 303 1624 tuit
316 1579 401 1637 eum,
417 1577 519 1638 neque
532 1562 593 1623 alia
614 1578 695 1639 quae
715 1563 804 1624 victis
824 1561 967 1623 accidunt
986 1562 1067 1638 pati;
1097 1578 1228 1638 quorum

247 1662 353 1706 casum
369 1662 439 1706 curn
454 1661 513 1721 ego
528 1645 688 1721 subierim,
704 1647 756 1722 qui
770 1662 839 1707 sum
854 1645 946 1707 armis
961 1645 1133 1720 lacessitus,
1145 1645 1226 1721 quid
1246 1700 1255 1715 ‚

247 1735 350 1806 potest
363 1731 449 1805 queri
469 1728 528 1789 sibi
556 1731 725 1809 accidisse,
755 1731 807 1807 qui
836 1746 933 1790 causa
960 1729 1032 1790 belli
1063 1730 1137 1790 trita
1162 1746 1226 1790 non

245 1827 315 1873 rum
343 1812 453 1873 eodem
486 1813 578 1874 modo
607 1815 806 1889 defensurus,
834 1813 978 1889 Romani,
1015 1813 1100 1890 quod
1131 1813 1225 1873 Dolo-

245 1912 303 1972 pas
319 1896 411 1957 armis
425 1897 628 1972 coercuerim,
644 1899 732 1974 quia,
752 1897 810 1959 etsi
823 1912 885 1957 nori
899 1897 1006 1958 mento
1022 1912 1143 1971 eorum,
1158 1896 1226 1958 iure

247 1981 307 2041 ieci
322 1996 406 2054 meo,
430 1996 498 2042 curn
517 1981 577 2041 mei
598 1981 698 2056 regni,
719 1997 807 2042 meae
827 1981 957 2041 dicionis
977 1987 1097 2055 essent,
1118 1986 1224 2042 vestro

248 2065 371 2126 decreto
387 2065 466 2140 patri
481 2064 612 2125 attributi
628 2080 708 2125 meo.
736 2080 810 2139 nec,
830 2066 857 2125 si
879 2080 976 2125 causa
996 2063 1156 2125 reddenda
1174 2063 1222 2138 sit,

248 2165 308 2209 non
325 2148 414 2210 vobis
429 2164 487 2209 nec
501 2148 682 2222 foederatis,
705 2148 762 2208 sed
780 2149 834 2222 iis,
858 2149 910 2224 qui
932 2164 971 2208 ne
985 2149 1016 2207 in
1030 2162 1141 2207 servos
1156 2147 1222 2223 qui·
1319 2221 1320 2224 Ἴ

248 2231 318 2291 dem
333 2248 428 2293 saeva
442 2239 534 2307 atque
549 2232 662 2292 iniusta
676 2232 804 2307 imperia
818 2231 967 2307 probant,
988 2232 1059 2307 plus
1074 2246 1175 2306 aequo
1191 2237 1223 2292 et

247 2309 328 2378 bono
344 2317 483 2377 saevisse
497 2315 528 2374 in
543 2330 599 2375 eos
615 2315 713 2375 videri
735 2331 878 2395 possum:
907 2314 1024 2391 quippe
1043 2314 1222 2391 Euphrano·

244 2415 310 2460 rem
327 2400 516 2475 praelectum
532 2414 551 2456 a
564 2413 614 2457 me
627 2396 804 2473 impositum
823 2399 866 2459 ita
885 2399 1077 2473 occiderunt,
1091 2405 1124 2459 ut
1136 2413 1220 2459 mors

243 2497 413 2558 poenarum
428 2481 494 2541 eius
509 2480 666 2541 levissima
679 2482 778 2542 luerit
811 2483 899 2543 XLII.
920 2490 952 2542 at
965 2497 1034 2542 cum
1050 2483 1221 2558 processis-

242 2581 309 2624 sem
323 2564 395 2623 inde
410 2564 451 2623 ad
464 2562 609 2623 visendas
619 2564 757 2625 Larisam
771 2572 801 2625 et
813 2566 954 2626 Antrona
965 2572 996 2627 et
1008 2565 1142 2638 Pteleon,
1158 2581 1219 2641 quo

242 2647 273 2705 in
291 2647 465 2722 propinquo
486 2647 580 2707 multo
602 2655 673 2708 aute
695 2649 797 2709 debita
811 2656 885 2709 vota
904 2651 1128 2725 persolverem,
1149 2649 1219 2709 Del·
1309 2642 1314 2661 '

134 2735 136 2737 ’
242 2730 323 2805 phos
337 2729 532 2792 sacrificandi
546 2746 642 2792 causa
655 2732 791 2794 ascendi.
820 2740 851 2794 et
863 2733 913 2794 bis
934 2734 1069 2793 crintinis
1086 2733 1219 2808 augendi

242 2828 352 2890 causa,
368 2830 438 2876 cunr
451 2813 588 2876 exercitu
601 2832 650 2876 me
667 2816 732 2878 isse
748 2817 890 2880 adicitur:
925 2817 1045 2879 scilicet
1063 2824 1111 2890 ut,
1132 2818 1218 2892 quod
1311 2834 1317 2857 ¹

242 2914 325 2958 nunc
337 2915 396 2959 vos
412 2901 514 2960 iacere
535 2915 663 2975 queror,
684 2900 776 2962 urbes
798 2916 998 2977 occuparem,
1021 2900 1143 2962 arcibus
1163 2900 1217 2961 im·
1313 2890 1318 2955 ἵ

243 2996 391 3057 ponerem
407 2982 572 3059 praesidia.
599 2991 710 3046 vocate
722 2985 752 3045 in
774 2985 936 3048 concilium
952 2985 1098 3046 Graeciae
1113 2985 1217 3044 civita·

241 3071 305 3140 tes,
321 3082 378 3142 per
393 3083 471 3143 quas
486 3068 544 3128 iter
557 3069 632 3143 leci,
655 3075 801 3144 queratur
822 3068 1030 3143 unusquilibet
1042 3067 1144 3130 militis
1158 3067 1217 3129 mei

240 3148 398 3209 iniuriam:
412 3166 475 3211 uon
490 3153 641 3213 recusabo
657 3153 731 3227 quin
746 3153 886 3214 simulato
898 3152 1052 3214 sacrificio
1067 3152 1150 3214 aliud
1163 3167 1217 3228 pe·

239 3232 316 3293 tissa
330 3234 447 3294 videar.
472 3235 591 3296 Aetolis
613 3243 643 3296 et
661 3235 820 3311 Byzantiis
840 3237 996 3312 praesidia
1018 3236 1171 3309 misimus,
1189 3244 1216 3296 et

238 3333 308 3378 eum
321 3317 446 3380 Boeotis
461 3319 621 3380 amicitiam
636 3319 775 3380 lecimus·
797 3319 874 3380 haec
890 3321 1124 3397 qualiacumque
1137 3327 1215 3390 sunt,

238 3418 296 3477 per
313 3403 431 3478 legatos
444 3418 531 3464 meos
546 3419 608 3463 non
623 3402 725 3462 solum
738 3402 872 3464 indicata
886 3404 943 3465 sed
965 3404 1055 3464 auam
1069 3408 1217 3465 excusata

239 3493 311 3547 sunt
325 3503 420 3563 saepe
431 3486 462 3546 in
477 3491 586 3546 senatu
605 3490 725 3559 vestro,
740 3484 793 3546 ubi
814 3486 935 3563 aliquos
951 3502 1009 3562 ego
1030 3487 1216 3563 disceptato·
