2642 4017
250 286 314 354 tra
408 288 524 350 LIBER
534 287 623 348 xiil.
646 288 729 348 cAP.
746 297 789 350 ro.
800 296 843 350 11.
865 294 900 362 [a.
916 293 950 347 u,
963 290 1061 368 asso]

331 440 515 517 Principium
535 439 728 515 insequentis
749 440 834 514 anni,
856 456 918 515 quo
940 439 971 500 0.
986 437 1136 515 Popillius
1157 447 1188 502 et
1202 441 1236 500 P.

246 526 355 588 Aelius
370 528 492 587 luerunt
508 525 669 597 consules,
690 523 833 584 residuas
849 523 1115 585 conmnuonesex
1129 522 1237 600 priore

247 627 329 672 anno
344 610 458 671 habuit.
491 615 596 684 patres
609 608 717 667 reterri
734 606 773 666 de
787 606 949 682 Liguribus
963 609 1170 684 renovarique
1183 624 1235 669 se

246 704 337 756 natus
352 694 526 755 consultum
540 690 692 765 volebant,
707 698 739 751 et
752 692 861 751 consul
871 691 978 752 Aelius
993 692 1154 752 referebat.
1175 691 1234 752 Po-

248 778 350 855 pillius
371 783 402 837 et
421 776 570 850 collegam
591 782 622 835 et
641 780 781 836 senatum
801 790 859 849 pro
879 775 972 834 fratre
993 775 1234 850 deprecaturum

248 862 500 939 praeseferens,
517 857 544 919 si
560 858 633 933 quid
648 858 857 932 decernerent
874 859 1123 932 intercessurum
1140 861 1234 921 eolle-

247 961 317 1020 gam
334 943 494 1013 deterruit;
517 948 621 1017 patres
636 957 674 1003 eo
689 940 788 1017 magis
805 942 928 1018 utrique
944 943 1057 1019 pariter
1072 946 1235 1005 consulum

246 1027 359 1088 infensi
379 1027 410 1086 in
431 1026 554 1100 incepto
575 1026 763 1101 perstabant.
798 1024 903 1101 itaque
924 1043 993 1088 cum
1008 1027 1048 1088 de
1063 1028 1233 1102 provinciis

247 1117 389 1184 ageretur
408 1115 439 1169 et
451 1108 633 1169 Macedonia
652 1108 713 1169 iarn
734 1109 907 1170 imminente
920 1108 1024 1171 Persei
1043 1112 1125 1172 bello
1146 1119 1232 1187 pete-

245 1200 344 1266 retur,
365 1191 495 1268 Ligures
516 1193 666 1253 ambobus
688 1192 867 1254 consulibus
887 1193 1108 1255 decernuntur:
1129 1196 1230 1256 Mace-

247 1277 371 1338 doniam
390 1277 569 1338 decreturos
590 1283 716 1353 negant,
738 1277 768 1336 ni
790 1276 830 1336 de
848 1277 889 1337 M.
904 1278 1033 1355 Popillio
1057 1280 1231 1340 referretur.

245 1360 473 1437 posttdantibus
485 1361 606 1436 deinde,
619 1370 654 1422 ut
666 1377 766 1422 novos
780 1360 933 1422 exercitus
948 1362 1084 1423 scribere
1095 1372 1148 1425 aut
1158 1380 1231 1440 sup·
1287 1383 1296 1397 ·

245 1448 433 1521 plementum
444 1444 600 1519 veteribus
612 1445 727 1519 liceret,
740 1442 903 1520 utrunr'que
914 1452 1057 1521 negatum
1069 1453 1125 1507 est.
1142 1464 1230 1523 prae·

245 1528 364 1592 toribus
387 1543 517 1605 quoque
537 1530 567 1589 in
588 1528 769 1604 Hispaniam
789 1531 1036 1606 supplementum
1057 1532 1230 1605 petentibus

245 1621 404 1688 negatum,
422 1613 463 1672 Μ.
478 1613 563 1673 lunio
577 1614 608 1673 in
624 1612 810 1687 citeriorem,
831 1612 885 1689 Sp.
899 1614 1040 1674 Lucretio
1061 1614 1092 1674 in
1107 1616 1229 1676 ultorio

245 1713 320 1756 rem.
343 1697 374 1755 C.
389 1696 525 1757 Licinius
541 1698 671 1758 Crassus
685 1698 834 1757 urbanam
847 1697 1097 1772 iurisdictionem,
1113 1699 1166 1759 On.
1182 1698 1228 1760 Si·

245 1778 343 1839 cinius
359 1780 437 1839 inter
448 1781 629 1855 peregrinos
640 1786 706 1841 erat
717 1779 851 1854 sortitus,
868 1780 899 1840 C.
911 1781 1072 1843 Memmius
1085 1781 1227 1860 Siciliam,

244 1861 299 1937 sp.
316 1862 439 1924 Cluvius
454 1862 635 1924 Sardiniam.
664 1865 809 1925 consides
824 1865 865 1926 ob
880 1880 917 1925 ea
931 1865 1000 1926 irati
1017 1867 1151 1943 senatui,
1171 1866 1223 1927 La·

244 1945 315 2006 tinis
336 1945 420 2006 feriis
442 1947 471 2006 in
493 1949 621 2023 primam
636 1963 791 2022 quamque
805 1948 884 2008 diem
899 1948 1036 2024 indictis,
1058 1950 1088 2009 in
1104 1951 1224 2026 provin·

244 2031 323 2091 oiarn
338 2031 474 2093 abituros
490 2047 561 2092 esse
577 2031 801 2106 denuntiarunt
818 2047 875 2091 nec
892 2031 1056 2109 quicquam
1071 2035 1115 2094 rei
1130 2034 1227 2110 publi-

244 2130 299 2175 cae
320 2122 443 2177 acturos
465 2121 680 2191 praeterquam
702 2115 786 2190 quod
806 2115 845 2175 ad
861 2117 1085 2190 provinciarum
1101 2117 1226 2178 admini-

243 2199 419 2261 strationem
434 2201 582 2262 attineret.

326 2283 377 2344 XI.
398 2284 542 2358 Attalum,
556 2283 639 2359 regis
649 2283 795 2345 Eumenis
810 2284 942 2356 fratrem,
959 2284 1091 2358 legatum
1102 2286 1226 2346 venisse

242 2367 371 2428 Romam
391 2365 534 2427 Valerius
554 2365 664 2427 Antias
688 2365 736 2427 his
759 2366 936 2427 consulibus
957 2367 1064 2428 scribit
1083 2369 1123 2429 ad
1143 2369 1225 2429 dele·

241 2451 338 2511 renda
359 2451 399 2510 de
412 2450 525 2510 Perseo
548 2451 676 2510 erimina
693 2449 939 2526 indicandosque
960 2458 1129 2526 apparatus
1144 2453 1225 2513 belli.

242 2535 372 2609 plurium
394 2534 536 2607 annales,
558 2539 588 2593 et
602 2533 713 2607 quibus
734 2534 905 2594 credidisse
925 2536 1029 2609 malis,
1051 2536 1152 2611 ipsum
1166 2535 1224 2597 llu-

240 2632 361 2676 menem
375 2615 500 2675 venisse
515 2615 647 2676 tradunt.
670 2616 823 2677 Eumenes
838 2618 930 2692 igitur
943 2623 976 2679 ut
989 2619 1118 2680 Romam
1131 2621 1223 2694 venit,

241 2707 391 2773 exceptus
414 2714 482 2758 curn
504 2707 587 2760 tanto
607 2700 725 2759 honore
743 2707 890 2776 quantum
904 2718 966 2763 non
980 2704 1095 2763 meritis
1109 2709 1224 2764 tanturn

240 2781 306 2841 eius
327 2782 384 2843 sed
397 2782 556 2843 beneficiis
572 2782 660 2844 etiam
677 2783 757 2858 suis,
779 2785 913 2860 ingentia
928 2787 1052 2860 quaein
1068 2803 1138 2847 eum
1152 2803 1224 2849 con·

239 2871 327 2939 gesta
340 2872 441 2940 erant,
463 2868 650 2928 existimaret
664 2866 770 2928 deberi
784 2871 920 2944 populus
934 2870 1108 2944 Romanus,
1130 2871 1161 2930 in
1176 2887 1223 2932 se·

238 2953 341 3009 natum
354 2956 402 3011 est
411 2950 613 3013 introductus.
629 2967 754 3013 causam
764 2952 907 3013 veniendi
921 2952 979 3013 sibi
986 2954 1116 3014 Romam
1127 2955 1224 3015 luisse

237 3030 315 3092 dixit
328 3042 451 3109 praeter
468 3035 665 3111 cupiditatem
679 3035 800 3097 visendi
815 3037 892 3097 deos
907 3035 1126 3113 hominesque,
1147 3054 1223 3114 (luo—

236 3132 304 3175 rum
324 3117 475 3179 beneflcio
491 3118 521 3179 in
537 3135 575 3180 ea
588 3121 711 3180 fortuna
725 3127 823 3195 esset,
844 3136 940 3195 supra
955 3137 1047 3196 quam
1063 3138 1102 3181 ne
1117 3130 1224 3197 optare

124 3252 134 3273 .
239 3199 363 3274 quidem
374 3203 509 3275 auderet
522 3205 612 3263 etiarn
623 3211 657 3263 ut
666 3218 768 3264 coram
780 3210 918 3264 moneret
928 3210 1068 3266 senatum
1079 3205 1222 3266 utPersei

238 3283 357 3345 conatis
372 3283 496 3346 obviam
511 3286 576 3347 iret.
600 3303 693 3348 orsus
708 3286 780 3347 lnde
792 3285 952 3363 aPhilippi
967 3289 1103 3350 consiliis
1115 3304 1222 3349 necem

236 3354 379 3429 demetrii
393 3367 446 3429 lilii
460 3368 574 3430 rettulit
588 3368 781 3431 adversantis
791 3371 931 3431 Romano
942 3370 1034 3432 bello.
1056 3371 1219 3433 Bastarna-

236 3466 304 3512 rum
319 3460 439 3528 gentem
455 3451 585 3511 excitam
601 3450 730 3513 sedibus
745 3453 826 3525 suis,
843 3468 972 3528 quorum
988 3455 1109 3515 auxiliis
1124 3456 1221 3516 lretus

236 3534 268 3593 in
287 3537 402 3596 ltaliam
421 3535 578 3597 transiretr
604 3535 683 3598 haec
703 3552 773 3596 eum
793 3535 980 3596 volutantem
1000 3536 1148 3599 inanimo
1164 3554 1217 3614 op-
