2642 4017
266 244 328 310 158
426 243 543 304 LIBER
555 243 644 303 xlii.
667 241 751 304 cal.
763 248 808 304 al.
818 250 862 306 ab.
885 247 922 316 [ι.
934 248 971 301 U·
982 263 1008 301 c.
1019 248 1083 316 ool]
1146 266 1149 272 ·

266 415 350 467 sum3
367 394 443 458 ali.
457 395 595 457 Graccho
609 400 736 470 rogatus
750 393 781 454 in
796 393 983 469 provinciam
995 393 1025 453 ii.
1047 401 1157 469 quater
1166 394 1243 457 intra

265 498 382 557 paucos
396 495 496 541 anuos
511 479 641 554 primum
655 475 854 553 pilumnum,
875 482 985 552 quater
1000 484 1031 537 et
1042 476 1168 539 triciens
1182 479 1241 539 vir·
1273 534 1278 543 .

264 565 336 627 tutis
358 579 454 625 causa
473 563 605 623 donatus
624 562 664 621 ab
685 560 919 637 imperatoribus
941 576 1024 633 sum,
1050 575 1108 621 sex
1127 560 1241 623 civicas

264 663 397 711 coronas
418 646 535 722 accepi.
561 645 750 720 vigintiduo
770 644 923 719 stipendia
943 659 1046 705 annua
1059 644 1090 704 in
1105 646 1242 706 exercitu

264 734 389 793 emerita
401 730 516 801 habeo,
535 734 566 788 et
579 728 678 788 maior
692 729 781 789 annis
796 744 863 788 sum
880 726 1107 803 quinquaginta.
1130 728 1242 804 quodsi

264 815 337 876 mihi
358 829 417 874 nec
436 812 591 889 stipendia
611 811 714 873 omnia
732 809 859 873 emerita
878 818 985 872 essent
1004 811 1136 872 necdum
1155 817 1241 873 aetas

263 898 454 958 vacationem
475 895 575 968 daret,
596 901 713 969 tamem
736 911 806 956 cum
825 900 969 971 quattuor
989 894 1099 955 milites
1119 909 1177 969 pro
1192 910 1242 956 me

264 996 326 1042 uno
335 979 426 1041 vobis
437 978 521 1050 dara,
535 978 567 1038 P.
578 979 682 1053 Licini,
697 993 833 1054 possem,
845 993 978 1053 aequum
989 985 1054 1038 erat
1064 993 1113 1037 me
1124 978 1239 1039 dimitti.

264 1063 321 1123 sed
341 1063 419 1123 haec
440 1078 497 1137 pro
511 1076 606 1123 causa
618 1077 688 1123 mea
703 1062 784 1123 dicta
797 1059 955 1137 accipiatis
971 1061 1076 1122 velim:
1096 1061 1167 1135 ipse
1181 1077 1239 1135 me,

264 1145 368 1222 quoad
382 1146 562 1221 quisquam,
583 1146 635 1222 qui
649 1147 801 1207 exercitus
820 1145 939 1218 scribit,
959 1145 1103 1206 idoneum
1117 1144 1239 1205 militem

262 1228 422 1304 iudicabit,
448 1245 614 1305 numquam
639 1245 709 1290 sum
733 1235 945 1289 excusaturus.
979 1226 1168 1304 ordineque
1191 1245 1239 1289 me

264 1313 389 1390 dignum
409 1313 544 1374 iudicent
557 1312 669 1373 tribuni
684 1313 825 1384 militum,
847 1312 986 1388 ipsorum
999 1318 1048 1371 est
1061 1313 1222 1387 potestatis

262 1412 302 1458 ne
317 1397 386 1474 quis
400 1412 450 1457 me
463 1398 574 1457 virtute
586 1397 617 1456 in
633 1396 769 1457 exercitu
783 1402 926 1470 praestet,
948 1394 1029 1456 dabo
1045 1410 1189 1470 operam,
1209 1403 1239 1457 et

262 1496 385 1556 semper
404 1481 446 1542 lta
462 1478 575 1541 iecisse
595 1496 644 1541 ma
664 1487 695 1542 et
708 1480 909 1555 imperatores
924 1479 984 1540 mei
999 1484 1029 1538 et
1041 1478 1094 1555 qui
1104 1495 1169 1538 una
1186 1479 1237 1539 sti·

262 1563 374 1639 pendia
395 1565 536 1625 iecerunt
559 1570 655 1624 testes
681 1570 761 1625 sunt.
793 1578 852 1623 vos
877 1577 1002 1638 quoquc
1027 1577 1159 1638 aequum
1180 1569 1236 1633 est,

262 1647 493 1721 commilitones,
509 1647 567 1708 etsi
582 1646 797 1722 appellationis
810 1645 901 1707 vobis
915 1644 1073 1721 usurpatis
1087 1645 1146 1719 ius,
1168 1662 1238 1707 cum

262 1729 476 1790 adolescentes
506 1731 580 1791 nillil
610 1731 762 1792 adversus
794 1729 1024 1804 magistratuum
1047 1735 1239 1805 senatusque

262 1812 472 1873 auctoritatem
490 1830 621 1890 usquam
635 1814 784 1886 tenentis,
804 1829 886 1874 nuno
901 1827 1026 1889 quoque
1040 1811 1070 1872 in
1085 1818 1239 1888 potestate

261 1901 388 1956 senatus
403 1911 439 1956 ac
455 1898 617 1958 consulum
631 1913 712 1972 esse,
727 1905 758 1959 et
772 1897 873 1958 omnia
886 1897 1018 1958 honesta
1031 1895 1101 1957 loca
1112 1896 1236 1969 ducere,

263 1978 451 2054 quibusnam
465 1980 619 2056 publicam
633 1980 789 2041 defensuri
804 1979 902 2042 sitis.“
942 1979 1064 2040 XXXV.
1086 1980 1164 2039 haec
1183 1980 1239 2040 ubi

260 2062 346 2137 dixit,
370 2063 575 2125 collaudatum
599 2062 700 2124 multis
722 2064 824 2124 verbis
852 2065 961 2125 consul
982 2079 1022 2123 ex
1042 2063 1185 2124 contione
1204 2061 1238 2122 in

259 2152 399 2207 senatum
412 2148 506 2208 duxit.
535 2147 576 2207 ibi
596 2161 722 2222 quoque
736 2146 765 2206 ei
780 2162 820 2207 ex
834 2148 1013 2207 auctoritate
1026 2153 1152 2207 senatus
1166 2161 1237 2222 gra-

258 2229 319 2289 tiae
334 2238 434 2304 actae,
460 2229 634 2304 tribunique
647 2228 792 2290 militares
812 2230 843 2290 in
857 2231 979 2306 legione
994 2229 1091 2305 prima
1105 2231 1238 2306 primum

258 2312 354 2388 pilum
367 2313 486 2374 munds
501 2329 597 2374 causa
609 2312 637 2372 ei
653 2312 860 2387 adsignarunt.
876 2314 969 2375 ceteri
980 2313 1176 2376 centuriones
1187 2329 1237 2374 re·

258 2397 354 2457 missa
367 2396 572 2472 appellatione
585 2395 626 2455 ad
645 2395 788 2457 dilectum
808 2395 986 2459 obedienter
999 2398 1237 2474 responderunt

342 2479 409 2551 Quo
429 2479 577 2539 maturius
596 2477 626 2538 in
650 2480 824 2552 provincias
845 2480 1039 2557 magistratus
1059 2482 1238 2559 proticisce-
1251 2542 1266 2559 ‚

257 2570 370 2633 rentur,
384 2561 510 2621 Latinae
523 2562 591 2620 Kal.
605 2561 699 2622 Iuniis
710 2564 811 2633 iuere;
834 2580 935 2640 eoque
946 2566 1086 2625 sollemni
1097 2566 1238 2641 perlecto

258 2643 288 2702 C.
297 2644 455 2704 Lueretius
468 2651 591 2719 praetor
601 2644 753 2721 omnibus,
765 2663 846 2723 quae
856 2649 896 2708 ad
908 2649 1040 2709 classem
1047 2664 1128 2724 opus
1140 2656 1228 2709 erant

257 2725 436 2801 praemissis
450 2728 646 2789 Brundisium
661 2736 710 2790 est
723 2732 889 2806 proiectus.
910 2737 1034 2807 praeter
1047 2746 1103 2793 eos
1118 2729 1237 2792 exerci-

256 2818 315 2883 tus,
332 2826 412 2884 quos
427 2813 572 2873 consides
584 2815 811 2890 comparabant,
826 2815 858 2874 c.
871 2814 1008 2891 Sulpicio
1021 2815 1135 2876 Galbae
1146 2829 1237 2890 prae-

256 2893 316 2981 tori
330 2896 485 2970 negotium
500 2895 612 2971 datum,
627 2904 661 2957 ut
676 2906 818 2973 quattuor
831 2899 969 2974 legiones
987 2898 1135 2960 scriberet
1145 2896 1237 2957 urba·

256 2992 312 3037 nas
332 2978 414 3040 iusto
435 2996 561 3043 numero
583 2981 719 3057 peditum
733 2982 944 3058 equitumque,
969 2982 1071 3058 iisque
1092 2987 1239 3058 quattuor

257 3059 397 3123 tribunos
412 3064 539 3125 militum
554 3081 593 3125 ex
608 3074 717 3126 senatu
732 3067 847 3141 legeret
857 3064 909 3142 qui
920 3074 1118 3142 praeessent3
1140 3062 1237 3126 sociis

255 3143 353 3205 Latini
367 3148 499 3208 nominis
513 3146 675 3223 imperaret
691 3148 865 3223 quindecim
884 3150 965 3211 milia
980 3151 1133 3226 peditum,
1154 3149 1238 3209 mille

256 3234 287 3289 et
300 3228 450 3290 ducentos
471 3229 607 3305 equites:
630 3232 658 3291 is
679 3233 831 3294 exercitus
846 3233 889 3294 uti
905 3242 1030 3309 paratus
1046 3242 1143 3306 esset,
1171 3248 1237 3309 quo
1309 3300 1310 3303 Ἴ

256 3318 381 3374 senatus
404 3313 586 3374 censuisset.
610 3314 642 3374 P.
657 3315 773 3377 Licinio
788 3317 909 3379 consuli
923 3318 963 3379 ad
978 3317 1146 3380 exercitum
1160 3315 1238 3379 civi·
1309 3308 1310 3389 ἶ

257 3399 316 3456 lem
327 3396 534 3471 socialemque
546 3399 657 3472 petenti
670 3400 773 3460 addita
783 3400 1059 3477 auxilialrigurum
1068 3402 1130 3462 duo
1141 3398 1236 3470 milia,

258 3479 419 3540 Cretenses
435 3478 582 3556 sagittarii
597 3511 639 3526 -
652 3484 787 3543 incertus
801 3500 961 3555 numerus,
977 3491 1121 3559 quantum
1135 3479 1239 3558 rogati
