2642 4017
298 263 414 323 LIBER
428 263 515 323 XLII.
539 263 622 324 call).
634 274 679 327 51.
691 273 736 327 aa.
758 266 919 345 [a.e.1t1]
1038 265 1100 332 tta

115 424 226 494 ratque
251 431 307 478 eos
332 414 428 477 Didas
447 416 565 492 Paeon,
592 415 645 493 qui
666 418 893 481 adolescentem
913 422 1098 486 Demetrium

114 502 282 562 occiderat.
304 508 334 561 et
348 506 534 561 armatorum
552 501 614 562 duo
632 501 714 563 milia
729 502 882 564 Gallorum
898 514 993 577 erant,
1009 522 1098 580 prae·

116 586 199 646 tecto
210 584 445 659 Asclepiodoto.
468 585 507 645 ab
521 586 670 645 Heraclea
685 600 724 646 ex
736 585 829 648 Sintis
842 587 899 648 tria
913 588 995 649 milla
1005 589 1096 650 Thra·

114 685 187 729 cum
207 666 374 731 liberorum
396 684 486 730 suum
507 668 619 729 dacem
640 668 802 731 habebant.
831 671 1020 734 Cretensium
1041 689 1099 749 par

116 767 200 828 pene
220 767 367 812 numerus
387 767 463 813 suos
479 752 576 813 duces
591 752 788 828 sequebatur,
811 753 925 816 Susum
938 754 1096 817 Phalasa-

113 851 208 897 neum
228 842 258 896 et
276 834 395 913 Syllum
418 835 575 897 Gnosium.
602 843 632 897 et
650 835 803 898 Leonides
833 838 1096 902 Lacedaemonius

107 919 291 996 quingentis
307 934 346 982 ex
360 917 504 990 Graecia,
526 917 622 981 mixto
636 918 743 995 generi
756 919 922 997 bominum,
946 932 1096 999 praeerat.

112 1002 233 1078 regitis
247 1003 370 1078 generis
388 1003 558 1079 ferebatur,
578 1004 668 1065 exsrd
683 1004 844 1068 damnatus
859 1006 1010 1081 frequenti
1024 1024 1095 1070 con-

114 1087 187 1148 cilio
200 1085 403 1159 Achaeorum,
419 1087 526 1147 litteris
542 1086 581 1146 ad
598 1087 713 1148 Persea
727 1088 901 1163 deprensis.
916 1092 1095 1154 Aetolorum
1128 1138 1132 1143 ,

115 1171 350 1246 etBoeotorum,
362 1170 414 1246 qui
425 1187 488 1232 nun
499 1171 666 1246 explebant
678 1172 746 1246 plus
760 1173 1096 1250 quamquingentorum

114 1269 223 1316 ornnes
245 1269 420 1329 numerum,
439 1255 525 1333 Lyco
539 1253 684 1315 Achaeus
704 1258 880 1331 praefectus
895 1265 969 1319 erat.
993 1274 1034 1318 ex
1047 1258 1096 1320 bis

112 1336 218 1400 mixtis
232 1345 277 1399 tot
291 1340 484 1414 populorum,
499 1344 543 1399 tot
556 1339 690 1413 gentium
705 1340 827 1401 auxiliis
839 1340 1004 1403 duodecim
1014 1341 1096 1402 milia

113 1428 298 1483 armatorum
313 1423 408 1482 terme
423 1423 643 1484 efficiebantur.
667 1422 803 1498 equitum
819 1439 859 1484 ex
873 1430 937 1485 tota
950 1424 1094 1485 Macedo·

112 1507 167 1566 nia
187 1512 382 1567 contraxerat
402 1506 459 1566 tria
473 1505 565 1566 milia.
585 1514 713 1568 venerat
725 1507 836 1568 eodem
851 1508 946 1584 cotys
962 1506 1097 1570 Seutlrae

111 1590 205 1662 filius,
220 1605 276 1650 rex
289 1588 389 1665 gentis
405 1588 603 1667 Odrysarum,
619 1606 689 1651 cum
700 1590 782 1650 mille
793 1591 921 1653 delectis
932 1594 1096 1667 equitibus,

112 1673 182 1750 pari
203 1674 298 1733 terme
321 1673 456 1749 peditum
475 1688 614 1735 numero.
641 1674 684 1734 ita
699 1689 819 1734 summa
831 1675 924 1737 tofina
940 1675 1094 1739 exercitus

63 1798 65 1801 -
111 1755 236 1832 triginta
260 1772 372 1817 novem
394 1759 476 1818 milia
500 1756 636 1832 peditum
657 1764 758 1830 erant,
786 1766 928 1833 quattuor
948 1759 1094 1837 equitum.

112 1840 190 1902 satis
206 1841 382 1915 constabat,
404 1841 575 1902 secundum
590 1856 660 1901 eum
674 1839 842 1903 exercitum
858 1860 950 1920 quem
964 1860 1094 1920 magnas

114 1926 292 1989 Alexander
307 1926 338 1986 in
351 1924 459 1986 Asiam
469 1924 595 2001 traiecit,
611 1940 777 2000 numquam
788 1924 881 1987 ullius
891 1924 1095 1990 Macedonum

82 2020 84 2023 ·
111 2009 198 2084 ,regis
219 2009 327 2084 copias
347 2015 447 2070 tantm
469 2009 576 2070 luisse.
603 2007 665 2069 LIl.
694 2015 802 2070 sextus
817 2008 1026 2071 etvicesimus
1041 2027 1095 2070 an-

112 2110 175 2153 nus
191 2093 346 2166 agebatur,
362 2109 476 2168 exque
491 2093 605 2168 petenti
618 2092 761 2168 Philippo
777 2093 848 2155 data
863 2109 926 2168 pax
940 2100 1020 2154 erat:
1039 2108 1095 2168 per

113 2178 146 2237 id
163 2191 253 2236 omne
266 2182 388 2252 tempus
404 2176 506 2252 quieta
516 2176 699 2238 Macedonia
712 2184 743 2238 et
756 2178 936 2252 progeniem
947 2176 1093 2251 ediderat,

112 2261 202 2321 cuius
217 2276 328 2336 magna
342 2277 415 2337 pars
429 2267 547 2322 matura
561 2259 684 2322 militiae
697 2268 796 2332 esset,
824 2269 856 2323 et
869 2259 989 2321 levibus
1004 2258 1093 2321 bellis

111 2344 263 2405 Thracum
277 2345 460 2419 accolarum,
476 2360 556 2420 quae
570 2350 750 2406 exercerent
763 2345 861 2421 magis
880 2361 973 2421 quern
989 2345 1093 2419 latiga-

111 2434 196 2502 rent,
218 2428 277 2489 sub
297 2429 428 2489 adsidua
442 2436 543 2490 nmen
557 2429 662 2489 militia
677 2431 785 2490 iuuat.
806 2435 836 2489 et
850 2430 904 2491 diu
917 2429 1093 2489 meditatum
1207 2468 1213 2477 ·

112 2512 255 2587 Philippo
270 2513 379 2587 primo,
395 2513 507 2573 deinde
522 2518 552 2573 et
564 2513 669 2573 Persei
679 2513 851 2574 Romanum
864 2513 977 2573 bellum
992 2509 1094 2573 omnia

110 2603 146 2656 ut
158 2595 307 2657 instructa
327 2603 496 2673 parataque
516 2599 622 2658 essent
641 2595 795 2658 effecerat.
824 2604 908 2659 mota
927 2612 1094 2673 parumper

111 2679 207 2753 acies,
222 2696 284 2740 non
299 2681 380 2742 iusto
395 2681 529 2741 decursu
544 2689 654 2755 tamen,
675 2696 715 2741 ne
729 2682 855 2742 stetisse
868 2689 984 2742 matum
998 2679 1029 2741 in
1044 2696 1091 2739 ar—

111 2762 171 2823 mis
190 2763 383 2834 viderentur,
407 2771 618 2839 armatosque,
640 2762 722 2825 sicut
740 2772 841 2839 erant,
862 2765 903 2825 ad
919 2765 1093 2827 conbanem

111 2848 245 2908 vocavit
265 2847 335 2923 ipse
350 2847 485 2909 constitit
498 2846 529 2908 in
544 2847 702 2921 tribunali,
729 2849 812 2908 circa
826 2863 862 2908 se
876 2848 995 2909 habens
1010 2847 1092 2911 filios

111 2931 191 2991 duos
205 2929 231 3005 *,
249 2947 379 3007 quorum
394 2931 491 2992 maior
504 2931 664 3006 Philippus
678 2938 787 2992 natura
801 2933 902 3004 irater,
924 2932 1092 3006 adoptione

110 3014 204 3088 filius,
219 3013 327 3088 minor,
351 3030 441 3090 quem
455 3015 666 3076 Alexandrum
680 3015 840 3088 vocabant,
855 3015 1002 3084 naturalis
1017 3021 1092 3076 erat.

111 3097 292 3160 cohortatus
307 3106 355 3160 est
369 3098 479 3170 milites
493 3098 533 3157 ad
547 3097 676 3166 bellum;
691 3096 830 3159 iniuriam
842 3099 951 3174 populi
960 3100 1091 3161 Romani

110 3181 276 3257 inpetrem
296 3197 395 3259 seque
416 3180 674 3243 commemoravit.
696 3177 781 3243 illurn
804 3182 945 3245 omnibus
961 3183 1090 3258 indigni-

110 3265 224 3326 tatibus
240 3269 434 3341 compulsum
449 3266 489 3327 ad
502 3265 720 3349 rebellandum,
736 3265 815 3327 inter
824 3273 1008 3343 apparatum
1018 3264 1090 3327 belli

109 3348 173 3410 lato
189 3365 390 3425 oppressum:
411 3350 452 3410 ad
466 3365 502 3410 se
516 3349 606 3412 simul
619 3350 738 3424 legatas
754 3349 844 3413 simul
857 3351 968 3412 milites
983 3349 1023 3410 ad
1038 3363 1089 3408 oc·
1178 3402 1180 3405 ,

110 3434 272 3507 cupandas
293 3434 439 3494 Graeciae
459 3434 553 3495 urbes
572 3432 695 3494 missos.
724 3433 825 3497 ledaei
847 3431 918 3496 dein
932 3431 1089 3503 colloquio

110 3530 167 3590 per
182 3517 320 3592 speciem
338 3517 583 3578 reconciliandae
603 3517 689 3591 pacis
705 3522 871 3577 extractam
883 3515 1028 3585 hiemem,
1055 3518 1087 3573 ut
