2642 4017
244 262 306 328 174
407 264 524 325 LtBltR
536 263 626 323 xlm.
641 261 726 323 cap.
738 271 782 324 aa.
793 272 837 325 ss.
855 268 892 336 [ι.
904 267 940 320 n.
952 284 977 320 ι.
988 267 1051 333 ser]

242 427 363 493 tempus
384 416 425 476 ad
445 415 686 491 comparandum
699 413 863 476 haberem*
891 416 1051 477 consulem
1070 431 1152 476 nunc
1167 432 1223 476 ve-

241 501 308 563 nire
328 515 398 562 cum
417 500 538 561 duabus
559 499 732 573 legionibus
752 495 908 573 Romanis,
932 514 1012 575 quae
1025 496 1060 538 **
1075 507 1222 561 trecenos

241 586 362 661 equites
375 583 517 657 habeant,
537 588 569 642 et
582 582 648 657 pari
662 582 759 641 ferme
772 598 899 643 numero
913 583 1069 644 sociorum
1082 583 1226 658 peditum

242 670 451 746 equitumque.
479 680 517 727 eo
535 671 571 726 ut
598 666 748 728 accedant
766 681 873 742 regum
893 667 1007 728 auxilia
1025 666 1171 726 Eumenis
1192 674 1225 728 et

241 753 434 825 Masinissae,
449 765 511 811 non
526 751 597 825 plus
612 754 732 824 septem
745 750 827 810 milia
841 750 987 825 peditum,
1009 750 1071 810 duo
1084 750 1224 824 equitum

243 839 354 899 lutura.
377 833 488 895 auditis
507 832 641 894 hostium
662 832 763 909 copiis
782 833 974 908 respicerent
987 849 1077 894 suum
1091 833 1152 908 ipsi
1167 848 1224 893 ex·

241 920 376 993 ercitum,
393 924 539 993 quantum
552 931 690 992 numero,
705 923 853 993 quantum
866 932 980 993 genere
993 917 1121 978 militum
1131 933 1224 993 prae·

242 1009 359 1065 starent
378 1001 529 1061 tirombus
548 999 660 1076 raptim
679 1001 720 1060 ad
741 999 773 1061 id
791 1000 907 1061 bellum
925 1000 1109 1076 conscriptis
1124 999 1222 1076 ipsia

241 1085 348 1162 pueris
372 1082 482 1145 eruditi
506 1083 623 1144 artibus
643 1084 782 1159 militiae,
808 1090 853 1146 tot
872 1084 990 1146 subacti
1010 1092 1101 1161 atque
1122 1084 1224 1146 durati

241 1169 340 1230 bellis.
367 1166 482 1229 auxilia
503 1167 651 1228 Romanis
674 1168 781 1246 Lydos
806 1176 837 1229 et
859 1168 998 1247 Phryges
1023 1174 1055 1229 et
1073 1168 1222 1229 Numidas

241 1268 324 1328 esse,
341 1250 400 1313 sibi
414 1250 549 1312 Thracas
565 1251 741 1327 Gallosque,
758 1250 968 1313 ferocissimas
979 1252 1122 1327 gentium.
1138 1267 1224 1313 arma

240 1337 311 1398 illos
324 1336 439 1397 hebere
453 1350 500 1409 ea,
516 1349 597 1410 quae
612 1334 672 1394 sibi
687 1336 819 1412 quisque
829 1336 985 1411 paraverit
994 1351 1114 1412 pauper
1124 1336 1222 1411 miles,

240 1421 429 1482 Macedonas
446 1424 586 1494 prompta
599 1433 639 1478 ex
651 1420 738 1494 regio
751 1426 911 1495 apparatu,
926 1435 982 1495 per
995 1426 1041 1480 tol
1054 1434 1154 1480 annos
1165 1435 1221 1495 pa·
1318 1472 1319 1503 ᾗ

241 1506 296 1566 tris
311 1505 360 1566 sui
375 1519 449 1565 cura
462 1509 494 1563 et
511 1502 652 1578 impensa
666 1503 755 1563 lacta.
777 1510 980 1564 commeatum
991 1502 1051 1564 illis
1066 1519 1136 1565 cum
1150 1519 1221 1578 pro·
1318 1510 1319 1513 ’

242 1590 292 1650 cul
305 1594 369 1648 tum
383 1587 524 1648 omnibus
539 1584 598 1648 sub
613 1585 738 1647 casibus
752 1586 910 1648 maritimis
926 1587 1008 1649 lorea
1030 1603 1066 1648 se
1079 1594 1111 1648 et
1125 1602 1221 1663 pecu-

242 1673 324 1732 niam
338 1678 370 1732 et
382 1672 574 1745 trumentum,
588 1677 712 1746 praeter
724 1670 841 1730 reditus
855 1672 1054 1745 metallorum,
1069 1670 1222 1731 indecem

242 1771 342 1815 annos
357 1755 550 1831 seposuisse.
573 1753 676 1815 omnia
689 1770 770 1830 quae
785 1755 913 1817 deorum
927 1753 1124 1831 indulgentia,
1141 1770 1222 1829 quae

242 1839 328 1913 regia
339 1853 414 1900 cura
423 1838 638 1913 praeparanda
648 1836 768 1912 luerint,
780 1839 873 1913 plena
883 1839 1096 1915 cumulataque
1107 1838 1222 1899 habere

241 1921 440 1982 Macedonas.
479 1922 612 1982 animum
643 1922 819 1983 habendum
849 1938 921 1984 esse
946 1938 1037 1998 quem
1061 1921 1223 1983 habuerint

243 2005 377 2068 maiores
396 2021 519 2081 eorum,
541 2003 594 2081 qui
614 2004 741 2082 lluropa
758 2005 841 2068 omni
861 2006 976 2067 domita
989 2006 1176 2081 uansgrsssi
1190 2005 1220 2065 in

242 2091 349 2152 Asiam
359 2089 547 2165 incognitum
558 2091 656 2149 lamae
668 2089 1220 2165 aperuerintarmisorbemterrarum,

243 2191 300 2235 nec
327 2182 396 2236 ante
420 2174 545 2235 vincere
569 2172 731 2248 desierint,
757 2190 849 2249 quam
868 2174 973 2236 Rubro
995 2175 1071 2235 mari
1093 2173 1219 2234 inclusis

244 2260 330 2333 qnod
349 2259 507 2320 vincerent
526 2257 666 2319 deluerit
688 2264 720 2319 at
737 2258 862 2319 hercule
882 2274 963 2319 nunc
978 2274 1040 2319 non
1055 2259 1095 2319 de
1107 2256 1219 2318 ultimis

244 2341 350 2403 Indiae
372 2342 448 2416 oris,
469 2341 527 2402 sed
547 2342 587 2401 de
606 2342 706 2416 ipsius
720 2342 922 2403 Macedoniae
936 2340 1140 2418 possessione
1154 2355 1218 2402 cer-

244 2434 344 2487 tamen
359 2427 511 2486 iomunam
524 2424 684 2484 indixisse.
707 2442 776 2485 cum
788 2434 875 2501 patre
886 2441 943 2487 suo
954 2433 1097 2501 gerentes
1107 2425 1220 2485 bellum

243 2510 400 2569 Romanos
422 2507 599 2583 speciosum
614 2507 762 2568 Graeciae
776 2508 952 2571 liberandae
967 2510 1075 2571 tulisse
1089 2509 1220 2570 tituluma

243 2606 326 2651 nunc
343 2592 504 2666 propalam
517 2588 731 2650 Macedoniam
745 2591 777 2651 in
791 2593 970 2655 servitutem
984 2601 1097 2669 petere,
1112 2607 1152 2652 ne
1165 2606 1220 2650 rex
1308 2658 1313 2683 Ι

243 2671 363 2733 vicinus
383 2670 511 2747 imperio
533 2671 574 2732 sit
585 2673 740 2750 Romano,
761 2690 801 2735 ne
818 2691 897 2751 gens
911 2677 993 2739 bello
1008 2675 1120 2737 nobilis
1135 2691 1217 2736 arma
1309 2684 1313 2755 ς

242 2754 364 2818 habeat.
390 2754 468 2816 haec
488 2755 568 2817 enim
588 2757 739 2819 medenda
759 2760 903 2836 superbis
918 2761 1050 2822 dominis
1064 2775 1137 2821 esse
1152 2775 1220 2828 cum

240 2855 317 2915 rege
329 2854 498 2917 regnoque,
513 2841 540 2902 si
554 2840 704 2904 absistere
714 2843 794 2904 bello
806 2850 838 2905 et
846 2845 949 2906 lacere
959 2845 1107 2920 imperata
1118 2843 1218 2903 velint.

327 2925 402 2985 Llll.
426 2926 500 2986 Cum
520 2941 712 3001 peromnem
727 2928 896 2990 orationem
909 2929 985 2990 satis
1000 2927 1153 3004 frequenti
1167 2926 1220 2986 ad-

206 3062 211 3076 ,
243 3022 339 3069 sensu
360 3011 579 3071 succlamatum
596 3018 695 3085 essct,
714 3020 778 3074 turn
797 3026 872 3071 vero
887 3027 926 3072 ea
938 3012 1117 3074 vociferatio
1133 3010 1220 3071 simul

244 3091 465 3166 indignantium
491 3094 763 3171 minitantiumque‚
789 3095 899 3172 partim
919 3096 1086 3158 iubentium
1107 3096 1221 3157 bonum

236 3175 377 3236 animum
388 3176 502 3237 habere
511 3193 625 3253 regem,
638 3186 747 3241 exerta
755 3185 812 3252 est,
822 3185 857 3240 ut
866 3179 1089 3240 tinemdicendi
1099 3180 1221 3251 iaceret,

244 3266 358 3321 tantum
372 3260 467 3320 iussis
482 3262 527 3321 ad
536 3260 593 3322 iter
606 3278 731 3337 parare:
752 3262 812 3322 iam
822 3263 903 3322 enim
914 3262 974 3323 dici
984 3278 1110 3323 movere
1122 3268 1222 3322 castra

244 3344 283 3404 ab
297 3344 479 3421 Nymphaeo
493 3345 660 3405 Romanos.
684 3345 826 3406 condona
840 3345 977 3420 dimissa,
998 3345 1038 3406 ad
1052 3345 1220 3406 audiendas
1311 3366 1316 3393 =

241 3428 416 3503 legationes
441 3425 604 3488 civitatium
629 3427 831 3489 Macedoniae
853 3444 889 3488 se
914 3429 1049 3490 contulit.
1076 3435 1223 3491 venerant

244 3519 346 3572 autem
366 3512 407 3572 ad
427 3509 575 3586 pecunias
591 3525 648 3583 pro
664 3510 857 3572 facultatibus
873 3526 1015 3587 quaeque
1035 3511 1102 3572 suis
1116 3517 1148 3572 et
1161 3512 1220 3572 iru-
