2642 4017
285 301 400 365 LIBER
414 301 518 365 XLIV.
541 301 623 363 CAP.
638 311 682 366 39.
695 312 737 365 40.
761 310 798 379 [a.
811 310 844 362 O·
860 310 921 377 tes]
1028 304 1092 373 Μ

112 470 202 529 esse,
225 452 310 514 unde
329 452 371 512 ad
391 468 526 529 pugnam
546 453 680 529 exirent,
707 470 769 531 quo
790 455 892 521 iecisti
911 465 1092 535 tempestate

111 550 235 615 pugnae
245 544 405 612 receptum
415 536 572 599 haberent.
586 537 657 599 ideo
668 554 738 603 cum
748 541 941 605 munimentis
953 557 992 605 cu
1002 558 1090 620 saep

110 623 236 695 sisemt,
251 619 406 695 praesidio
421 636 547 696 queque
559 621 662 684 valide
678 622 854 698 firmabant,
876 625 963 700 qued
976 627 1030 702 qui
1043 643 1092 690 ea·

111 706 183 768 stris
195 711 308 767 exutus
319 710 393 777 erat,
404 704 522 767 etiamsi
533 706 701 780 pugnaudo
712 705 781 769 acie
791 706 927 783 vicisset,
942 725 999 784 pre
1010 712 1092 773 vieto

110 788 284 851 haberetur.
306 794 408 851 castre
422 794 495 849 suet
507 787 617 853 victori
630 791 871 865 receptaculum,
892 793 974 854 victe
989 796 1092 869 pertu-

110 873 201 948 giem
220 886 313 947 quam
334 870 419 933 metti
433 870 602 945 exereitus,
626 870 739 948 quibus
752 875 854 937 miuus
868 891 1021 953 prospera
1035 895 1092 955 pu·

109 955 331 1031 gracianum
351 952 423 1029 tuit,
445 954 525 1016 iutra
543 956 658 1021 vetitum
679 957 845 1033 compulsi,
869 965 1008 1035 tempere
1021 978 1091 1036 suc,

109 1039 261 1103 interdum
275 1047 430 1101 memento
445 1045 525 1115 pest
540 1041 703 1115 eruptione
715 1041 796 1105 taeta
809 1040 957 1104 victorem
970 1042 1092 1111 hostem

109 1123 315 1200 pepulerunt?
334 1120 434 1196 petria
447 1124 542 1185 attera
552 1130 600 1185 est
610 1122 747 1187 militaris
758 1123 836 1187 hece
847 1127 950 1202 sedes,
963 1128 1091 1191 vallum·

111 1220 174 1282 quc
186 1222 244 1282 pre
258 1205 430 1280 moenibus,
444 1214 476 1270 ct
486 1207 647 1271 tentorium
657 1224 749 1273 suum
759 1207 872 1285 cuique
882 1209 969 1275 militi
979 1211 1091 1275 demus

110 1306 147 1351 ee
167 1295 297 1366 peneus
316 1296 398 1355 seut
426 1290 493 1355 sine
514 1292 578 1353 ulia
596 1291 673 1355 sede
692 1292 764 1367 uugi
783 1293 1034 1369 dimicassemus,
1058 1303 1093 1357 ut

110 1390 173 1450 que
194 1371 332 1437 victores
351 1389 412 1437 uus
430 1373 660 1449 reciperemus?
684 1374 733 1439 his
747 1374 978 1441 difficultatibus
993 1384 1025 1438 ct
1036 1378 1091 1443 im·

109 1457 293 1534 pedimentis
316 1471 440 1533 pugnae
460 1456 535 1521 iilud
557 1458 734 1533 opponitur.
765 1458 840 1533 quid
861 1458 889 1521 si
909 1458 1011 1521 hostis
1032 1460 1091 1523 hac

108 1540 290 1617 interposita
307 1549 399 1603 noete
419 1539 558 1603 abisset?
578 1547 726 1616 quantum
746 1557 854 1605 rursm
876 1543 1038 1618 sequendo
1052 1559 1091 1605 ee

108 1624 234 1701 penitus
253 1625 290 1687 iu
307 1624 451 1702 ,ultimam
470 1622 685 1687 Macedoniam
711 1624 954 1691 exhauriendum
975 1626 1090 1691 laberis

108 1715 188 1771 eratt
209 1724 268 1784 ego
290 1714 391 1773 erdem
409 1722 512 1782 neque
529 1723 710 1773 mensurum
728 1724 800 1771 eum
818 1724 921 1785 neque
941 1708 971 1771 in
992 1711 1091 1773 aciem

109 1794 218 1869 copies
238 1793 420 1857 eductecum
441 1791 540 1855 tuisse
560 1798 676 1857 eertum
697 1792 814 1868 tabee,
838 1791 999 1857 sidedera
1019 1794 1091 1857 hinc

109 1876 276 1941 statuisset·
309 1883 424 1952 quante
446 1874 527 1939 cmm
545 1874 668 1941 facilius
688 1875 773 1941 abire
793 1876 863 1952 tuit,
890 1892 960 1937 cum
980 1878 1091 1953 procui

108 1961 308 2035 abessemus,
331 1976 423 2035 quam
444 1974 543 2034 runc,
563 1975 633 2027 cum
648 1959 679 2023 in
694 1957 867 2027 cervicibus
882 1966 1013 2023 sumust
1033 1976 1091 2027 nee

108 2045 226 2107 tatere
245 2060 306 2107 ees
322 2043 456 2109 interdiu
475 2049 528 2108 eut
547 2050 638 2107 necte
658 2043 812 2109 aeeunde.
839 2043 915 2119 cuid
928 2050 1031 2109 eutem
1044 2050 1092 2111 eet

55 2188 57 2190 ,
109 2128 201 2189 uobis
222 2127 357 2204 optatius
376 2144 467 2204 pamm
486 2134 520 2189 ct
540 2143 671 2202 querum
690 2133 792 2188 castra
804 2128 941 2202 praedm
954 2125 1091 2195 flmuinis

110 2212 176 2287 ripa
189 2218 262 2286 tuta,
282 2212 365 2273 vetio
378 2211 506 2287 insuper
520 2216 628 2287 saepta
642 2225 679 2271 ae
694 2209 810 2270 crebris
824 2209 969 2282 turribus,
991 2226 1090 2286 oppu-

108 2310 205 2370 gnare
216 2294 315 2359 adorti
325 2308 444 2368 strnue,
454 2309 511 2361 ees
522 2294 638 2356 relictis
645 2292 848 2368 munimentis,
861 2293 982 2370 erutae
989 2293 1090 2359 effuse

109 2380 260 2443 abeuntes
280 2378 506 2455 impetentibus
527 2377 646 2452 campie
660 2377 700 2441 ab
714 2382 801 2453 terre
815 2377 1013 2447 adoriamur
1033 2375 1091 2441 lue

110 2461 223 2525 ditatae
237 2477 362 2538 purum
375 2477 416 2524 ex
429 2461 575 2525 hesterm
590 2459 641 2527 die
654 2460 686 2529 iu
700 2459 882 2530 hodierrum
897 2475 1011 2529 caueae
1025 2461 1090 2527 tue

108 2554 188 2609 rum.
210 2561 350 2621 pugnare
364 2546 444 2607 euim
458 2552 489 2609 et
502 2545 563 2622 ipsi
577 2544 650 2611 mhi
663 2546 781 2622 placete
802 2552 834 2612 et
846 2544 927 2619 ideo,
949 2542 1023 2620 quta
1035 2558 1092 2620 per

108 2628 260 2703 Enipeum
280 2644 402 2691 amnem
421 2636 531 2705 saepta
550 2629 591 2695 ed
611 2628 732 2693 hostem
752 2628 804 2693 uia
823 2636 906 2704 erat,
925 2626 986 2690 ctio
1001 2628 1091 2700 saltu,

109 2710 239 2771 deiectis
259 2710 393 2773 hosdem
414 2712 594 2785 praesidiis,
620 2729 735 2779 nerum
755 2712 812 2777 iter
831 2711 957 2789 aperui,
988 2725 1091 2786 neque

111 2793 293 2869 priusquam
306 2792 506 2856 debellavere
517 2792 696 2859 absistam.“

194 2875 256 2936 XL.
277 2873 352 2939 Pest
368 2874 450 2939 hauc
469 2876 640 2943 oraticnem
657 2875 893 2950 attereretur,
909 2875 1020 2952 partim
1031 2883 1091 2939 tra-

109 2958 213 3023 ductis
233 2958 559 3033 incommutatus,
579 2959 690 3034 partim
707 2958 884 3026 verentibus
905 2958 1091 3036 nequiquam

109 3042 273 3107 offendere
292 3043 325 3109 iu
344 3058 383 3107 ee
404 3041 491 3119 quot
509 3048 677 3117 utcumque
690 3039 939 3117 praetermissum
952 3042 1092 3109 revecari

108 3143 172 3192 een
193 3132 314 3204 posset.
342 3143 380 3190 ac
401 3142 441 3189 ne
460 3126 514 3191 ille
532 3125 602 3202 ipse
624 3124 749 3202 quidem
770 3125 822 3191 die
840 3132 893 3189 aut
906 3128 1026 3193 ermuli
1040 3133 1093 3193 aut

18 3220 21 3221 ’
108 3212 175 3287 reci
188 3228 333 3289 pamm
341 3213 474 3289 placuit,
492 3214 563 3286 repr·
575 3211 661 3286 qued
676 3224 734 3277 uec
748 3210 869 3286 fessos,
881 3218 913 3279 td
928 3212 1038 3288 pridie,
1053 3225 1092 3271 ex

108 3294 159 3356 uia
172 3311 275 3372 neque
288 3295 479 3372 trepidantes
494 3295 525 3372 iu
545 3293 613 3359 acie
627 3293 811 3363 instruerer
824 3301 855 3365 et
867 3294 995 3361 vixdum
1009 3307 1091 3357 cour·

109 3379 230 3454 positos
243 3379 449 3456 adgressurus
464 3385 545 3445 erata
573 3377 708 3453 consuli,
732 3378 965 3455 pertinueris
981 3373 1091 3437 castris

109 3462 278 3538 mettere,
292 3479 356 3527 neu
370 3462 516 3539 patmum
532 3467 714 3529 convectum
726 3469 799 3538 eret,
814 3463 854 3527 ed
866 3474 947 3536 quee
956 3455 1092 3533 petenda

109 3559 150 3606 Οἳ
165 3545 347 3623 impluviis
361 3544 446 3622 ierit
457 3561 569 3623 magne
581 3562 657 3624 pers
670 3545 799 3611 rnilitum
812 3560 832 3605 e
843 3540 952 3609 eastris
962 3538 1091 3605 exteret.
