2642 4017
322 271 439 333 urens
452 272 513 333 xe.
538 272 622 333 can
637 281 737 336 maa.
761 279 796 348 [ι
809 276 917 355 nrm]
1058 275 1099 341 ts

118 442 189 501 sus,
210 426 325 500 frigora
343 431 493 485 nocturna
512 425 644 485 maxime
664 432 819 502 metuens,
843 441 923 502 quae
943 426 1100 491 caniculae
1212 436 1223 455 ¹

118 517 189 572 ortu
208 508 319 570 similia
338 508 526 569 brumalibus
547 515 643 569 erant
673 510 776 570 multis
795 524 853 586 per
867 525 924 571 eos
938 509 1005 571 dies
1019 509 1098 574 dilli-

117 592 279 654 cultatibus
306 591 500 653 conflictatus
524 591 618 653 nihilo
643 591 770 654 laetiora
789 593 819 653 in
841 593 950 655 castris
975 594 1099 671 invenit

57 683 66 699 ·
115 675 169 739 ubi
184 692 304 738 summa
326 677 455 752 pennula
475 681 554 753 erat,
579 673 661 738 utin
682 676 824 753 regione,
846 693 937 753 quam
957 678 997 739 ab
1016 678 1099 741 omni

115 768 205 837 parte
218 759 401 822 solitudines
421 761 608 822 clauderent
639 760 743 836 itaque
761 776 855 822 unum
869 767 984 823 tautum
998 777 1096 825 mora·

114 852 167 906 tus
183 845 278 918 dem,
300 842 410 920 quietis
425 859 531 905 eorum
545 859 640 906 causa
654 859 733 920 quos
747 843 896 906 habuerat
909 860 1031 921 secum,
1050 844 1098 908 iti-

114 943 192 989 nere
216 927 288 988 iude
314 925 404 988 simili
423 929 515 1004 lugeo
536 928 567 988 in
587 928 785 990 Dentheletos
805 930 993 991 transcurrit
1021 930 1099 993 socii

114 1017 218 1084 erant,
246 1011 303 1071 sed
324 1019 450 1087 propter
473 1010 610 1087 inopiam
631 1011 715 1073 haud
739 1027 831 1077 secus
854 1029 946 1088 quam
965 1013 1099 1076 hostium

114 1096 195 1156 lines
214 1094 404 1156 Macedones
431 1094 571 1172 populati
595 1101 681 1157 sunt:
710 1096 859 1172 rapiendo
879 1095 960 1158 enlm
980 1098 1098 1174 passim

115 1178 205 1240 villas
219 1178 358 1255 primum,
374 1178 446 1239 dein
460 1179 613 1256 quosdam
627 1178 719 1240 etiam
732 1179 821 1241 vicos
835 1188 1020 1258 evastarunt,
1036 1197 1098 1244 non

115 1262 186 1325 sina
196 1278 308 1338 magno
321 1263 440 1338 pudore
450 1263 543 1339 regis,
558 1278 627 1326 cum
637 1263 793 1325 sociorum
803 1279 900 1326 voees
911 1265 1098 1341 nequiquam

115 1347 194 1408 deos
215 1347 349 1407 sociales
369 1361 544 1423 nomenque
563 1363 653 1409 suum
669 1348 869 1424 implorantes
884 1346 1013 1409 audiret
1034 1349 1095 1409 lru·

114 1437 218 1492 mento
232 1430 305 1491 inde
318 1431 439 1491 sublato
454 1431 485 1490 in
499 1431 669 1492 Maedicam
681 1446 854 1507 regressus,
868 1431 990 1506 urbem,
1005 1446 1097 1508 quam

112 1513 235 1575 Petram
246 1515 411 1590 appellant,
423 1530 602 1590 oppugnare
613 1522 662 1576 est
673 1515 810 1577 adortus.
825 1515 1097 1591 ipseacampestri
1148 1536 1155 1549 ·

115 1598 200 1658 aditu
220 1605 322 1659 castra
341 1598 462 1674 posuit,
485 1598 632 1661 Perseum
651 1597 746 1658 filinm
774 1612 843 1658 cum
864 1597 986 1659 modica
1005 1614 1097 1665 manu

117 1682 329 1757 circummisit,
350 1688 385 1742 ut
398 1698 417 1742 a
431 1681 643 1757 superioribus
657 1681 735 1742 locis
749 1681 856 1743 urbem
870 1682 1097 1758 adgrederetur.

116 1766 281 1842 oppidani,
296 1781 365 1827 cum
378 1771 476 1828 terror
489 1767 627 1842 undique
640 1765 780 1837 instaret,
796 1765 956 1828 obsidibus
972 1766 1052 1828 datis
1066 1764 1098 1828 in

114 1849 291 1927 praesentia
310 1849 492 1911 dediderunt
513 1866 599 1911 sese:
630 1847 738 1923 iidem,
760 1856 924 1924 postquam
944 1851 1098 1912 exercitus

114 1934 261 2010 recessit,
286 1932 372 1994 obliti
397 1933 539 1995 obsidum
563 1933 670 1996 relicta
696 1931 771 1993 urbe
790 1930 821 1993 ln
844 1934 914 1994 loca
933 1934 1047 1996 munita
1067 1943 1100 1997 et

114 2025 235 2080 montes
249 2017 436 2093 relegerunt.

202 2101 361 2178 Philippus
382 2102 464 2163 omni
484 2117 598 2177 genere
616 2099 732 2162 laboris
747 2100 815 2162 sine
828 2101 890 2162 ullo
905 2099 1018 2161 ellectu
1031 2098 1098 2161 lati·

117 2185 197 2261 getis
217 2183 364 2248 militibus
386 2193 417 2246 et
436 2186 544 2248 fraude
558 2183 655 2246 Didae
676 2184 828 2261 praetoris
845 2185 943 2247 auctis
958 2182 988 2244 in
1003 2182 1097 2246 filium

113 2269 346 2344 suspicionibus
367 2269 398 2329 in
418 2269 632 2331 Macedoniam
650 2269 749 2330 rediit.
781 2267 887 2329 XXIII.
914 2267 1028 2329 missum
1048 2267 1098 2330 hic

113 2368 236 2429 eomes,
255 2360 373 2415 utente
389 2352 503 2414 dIctum
518 2361 579 2427 est,
601 2369 671 2416 cunr
685 2351 906 2428 simplicitatem
920 2350 1040 2412 iuvenis
1054 2350 1098 2411 in·

114 2437 196 2497 cauti
217 2443 248 2497 et
267 2438 333 2498 suis
353 2437 438 2498 haud
454 2437 602 2499 Immerito
617 2435 831 2499 succensentis
845 2433 1038 2496 adsentando
1052 2434 1097 2493 in-

115 2520 334 2598 dignandoque
354 2529 386 2583 et
404 2520 474 2598 ipse
491 2521 671 2584 vicemalus
686 2528 837 2597 captaret,
857 2520 888 2581 in
903 2518 1005 2582 omnia
1019 2520 1097 2581 ultro

114 2620 205 2665 suam
225 2603 361 2667 offerens
382 2620 523 2682 operam,
544 2605 606 2667 lide
624 2606 696 2667 data
708 2620 822 2666 areana
835 2604 902 2666 elus
917 2602 1030 2665 elicuit
1051 2603 1097 2665 iu·

113 2703 185 2763 gam
209 2688 250 2748 ad
268 2689 426 2751 Romanos
446 2688 617 2750 Demetrius
642 2688 861 2760 meditabatum
892 2689 942 2749 eui
967 2687 1097 2750 consilio

114 2770 237 2833 adiutor
257 2773 348 2833 deum
366 2771 518 2834 beneflcIo
533 2771 654 2834 oblatus
669 2771 831 2834 videbatur
841 2770 994 2833 Paeoniae
1008 2786 1097 2848 prae

113 2862 178 2929 tor,
200 2871 257 2930 per
270 2856 357 2917 cuius
373 2854 562 2933 provinciam
577 2872 666 2933 spem
681 2864 805 2932 ceperat
818 2854 897 2915 elabi
911 2863 975 2917 tute
990 2869 1096 2931 posse.

113 2937 176 3000 boe
197 2939 358 3001 consillum
380 2940 535 3015 extemplo
557 2945 588 3000 et
608 2938 694 3000 lratri
713 2939 852 3014 proditur
871 2946 902 3001 et
918 2946 1045 3001 auctore
1059 2953 1097 2998 eo

113 3022 266 3084 indicatur
289 3025 379 3099 putri.
411 3025 529 3084 litterae
554 3023 685 3098 primum
705 3023 745 3083 ad
767 3023 958 3085 obsidentem
977 3022 1098 3085 Petram

112 3106 235 3167 adlatae
255 3113 336 3168 sunt.
366 3105 439 3167 inde
451 3107 631 3168 Herodorus
646 3106 847 3183 -princeps
868 3105 917 3167 hic
931 3107 1097 3168 amicorum

110 3190 257 3251 Demetrii
277 3200 343 3252 erat
356 3221 398 3231 -
412 3191 443 3251 in
459 3191 630 3252 custodiam
645 3198 695 3252 est
708 3188 867 3252 coniectus
882 3198 913 3252 et
925 3188 1097 3253 Demetrius

110 3272 341 3336 dissimulanter
355 3274 515 3336 adservari
529 3274 643 3336 Iussus.
666 3274 744 3335 baec
758 3290 853 3350 super
867 3281 969 3336 cetera
981 3275 1098 3336 trIstem

111 3358 277 3420 adventum
292 3359 323 3419 in
334 3357 547 3421 Macedoniam
561 3359 626 3433 regi
641 3359 786 3421 iecerunt.
807 3357 973 3420 movebant
986 3372 1057 3418 aum
1067 3361 1099 3416 et

110 3442 288 3517 praesentIa
303 3440 445 3503 cumina:
468 3442 698 3518 exspectandos
712 3450 822 3517 tamen,
840 3458 920 3519 quos
935 3440 975 3500 ad
989 3439 1096 3512 expio

109 3527 208 3587 rande
228 3526 331 3588 omnia
344 3527 475 3588 Romam
488 3526 621 3599 miserat,
640 3526 795 3587 censebat.
824 3523 873 3585 his
889 3521 998 3585 anxius
1013 3517 1096 3583 curis
