2642 4017
216 278 269 323 arv
645 257 673 306 T·
691 256 768 307 Ltvss

216 412 335 479 praemiis
360 424 464 476 operum
487 407 562 459 lelix:
587 409 643 474 ipsa
666 408 783 459 fortunae
802 410 845 459 diu
862 425 1011 476 prosperae.
1035 419 1060 461 at
1077 413 1202 481 iniungo

216 493 302 532 tenore
326 479 454 530 felicitatis
479 477 580 544 magnis
604 478 704 527 interim
728 478 794 528 iotns
815 477 977 541 vulneribus,
1001 480 1110 542 exsilio,
1127 484 1203 533 ruina

216 549 339 617 partium,
361 563 407 613 pro
429 548 520 612 quibus
537 553 655 611 steterat,
679 545 747 597 tiliae
761 553 856 607 morte,
881 549 951 598 exitu
969 556 1021 599 tam
1039 550 1107 600 tristi
1125 560 1203 616 atque

216 621 317 679 aonio,
339 618 452 668 omnium
469 617 632 667 adversorum
648 613 720 680 nihil,
738 622 766 664 ut
782 615 838 665 riro
857 615 962 682 dignum
973 626 1037 677 erat,
1055 618 1115 669 tulit
1126 635 1202 685 prae-

216 701 255 740 ter
265 696 385 738 mortem:
410 699 475 749 quae
487 699 546 735 rere
558 683 703 733 aestimanti
714 684 798 733 miuus
809 683 914 750 indigua
927 685 1006 736 videri
1019 690 1112 752 potnit,
1132 690 1203 753 qno<

217 774 234 809 a
250 760 346 807 victore
368 755 470 806 inimico
488 752 524 803 nil
545 752 673 802 crudelius
694 766 786 817 passus
811 760 880 814 erat,
904 768 980 818 quam
998 756 1067 818 quod
1085 757 1202 808 eiusdem

218 826 333 878 tortuose
354 837 460 889 compos
477 823 532 888 ipsa
549 819 660 871 iecisset.
690 822 712 870 si
731 821 788 884 quis
805 828 889 872 tamen
906 823 1043 874 virtutibus
1057 826 1122 875 vitia
1137 842 1202 891 pen-

218 897 292 954 sarlt,
310 894 349 944 vir
366 907 487 954 magnus,
505 905 578 949 acer,
596 890 765 940 memorabilis
782 888 844 951 fuit,
861 898 886 941 et
901 892 928 941 in
944 893 1018 943 onius
1035 891 1126 943 laudes
1143 910 1197 960 per.

217 963 361 1027 sequendas
379 960 498 1011 Cicerone
514 958 643 1009 laudatore
658 973 723 1022 opus
734 957 819 1007 inerit.
843 959 882 1009 M.
897 958 996 1011 Seneca
1006 959 1114 1012 Suasor.
1131 964 1199 1013 VII.

218 1034 257 1097 Os.
277 1030 429 1082 bieiatlna
447 1027 572 1090 Supplem.
590 1042 647 1091 cap.
666 1024 708 1078 60.
726 1042 781 1092 aqq.

575 1095 620 1145 En
636 1096 680 1147 tto.
699 1096 840 1147 CXXVII.

268 1173 303 1223 tt)
322 1166 445 1225 Quoniam
462 1165 527 1213 inter
538 1166 682 1230 Augustum
699 1171 723 1214 et
733 1166 871 1216 Antonium
886 1166 1009 1230 reliquiae
1026 1169 1111 1220 adhue
1129 1185 1203 1221 erant

217 1235 392 1294 dissensionis,
411 1232 531 1285 Cocceius
543 1231 635 1293 Nerva,
651 1246 763 1297 proavus
775 1233 881 1294 Nervae,
900 1236 944 1299 qul
961 1244 1051 1301 postes
1064 1239 1203 1304 imperavit

217 1306 321 1364 Romae,
339 1302 468 1354 mandarit
483 1303 610 1369 Angusto,
629 1311 657 1351 ut
669 1304 788 1363 mitteret,
799 1304 843 1367 qui
856 1303 887 1354 de
900 1318 1000 1355 summa
1009 1321 1094 1357 rernm
1107 1314 1201 1358 tracta·

217 1382 281 1426 rent.
312 1388 373 1440 ergo
389 1374 484 1422 missus
501 1381 540 1422 est
557 1370 692 1422 Maecenas
711 1387 768 1423 oum
785 1374 916 1438 Agrippa,
939 1376 982 1436 qui
999 1381 1137 1439 utrumqne
1155 1392 1202 1427 ex-

217 1445 321 1496 ereitum
333 1445 359 1494 iu
368 1458 420 1493 ana
431 1448 515 1491 castra
524 1448 669 1506 coegerunt,
681 1450 709 1490 ut
723 1442 759 1490 ait
767 1441 856 1491 Livius
867 1441 911 1492 lib.
923 1440 1043 1499 CXXVII.
1054 1445 1201 1512 iutelliger-

219 1517 279 1566 dum
290 1521 383 1571 autem,
400 1511 468 1574 quod
477 1510 581 1560 Fonteio
592 1510 671 1559 misso
682 1510 715 1559 ab
723 1511 834 1560 Antonio
846 1512 978 1576 Augustus
989 1512 1163 1565 Maeeenatem
1177 1527 1201 1566 et

218 1591 315 1635 eeteros
333 1580 366 1631 ad
382 1580 489 1631 eundem
509 1579 593 1628 looum
604 1578 723 1628 emiserit.
751 1579 822 1630 Acro
837 1579 875 1629 ad
886 1579 981 1631 Horat.
993 1579 1049 1632 Sat.
1062 1581 1088 1648 I,
1101 1582 1128 1642 5,
1140 1581 1189 1637 29.

268 1656 303 1707 tin)
321 1650 486 1699 Dissensioua
495 1656 549 1699 orta
561 1649 626 1698 inter
635 1646 769 1697 Caesarem
779 1649 922 1714 Augustum
934 1650 1124 1715 Antoniumque
1137 1651 1201 1703 Goo-

218 1721 288 1770 oeius
306 1718 397 1777 Nerva,
416 1731 479 1766 arus
495 1717 558 1782 elus,
575 1717 619 1779 qui
635 1724 727 1781 postea
742 1716 839 1767 Romae
854 1718 996 1783 imperavit,
1015 1721 1089 1784 petiit
1106 1736 1123 1771 a
1137 1720 1200 1773 Cae·

218 1802 284 1847 sure,
303 1793 330 1835 ut
350 1785 469 1848 aliquem,
486 1786 530 1848 qui
549 1785 581 1836 de
599 1799 699 1835 summa
715 1801 800 1836 rerum
815 1794 941 1852 traotaret,
960 1788 1069 1839 mitteret
1085 1787 1200 1842 'lamani-

218 1870 286 1906 nam.
313 1854 343 1903 Et
360 1855 470 1921 primum
484 1855 625 1914 Maecenas,
643 1868 704 1904 mox
721 1863 745 1905 et
756 1855 873 1921 Agrippa
889 1860 1019 1921 congressi
1036 1866 1103 1919 sunt,
1122 1858 1203 1923 hique

218 1926 369 1991 pepigerunt
386 1923 462 1974 fldem
479 1922 732 1987 mnnrmatisstmam,
751 1930 776 1972 et
793 1924 820 1973 iu
836 1938 886 1974 una
903 1932 987 1975 eastra
1002 1926 1111 1976 ooul'erri
1124 1929 1202 1994 signa

219 1994 350 2056 utriusque
362 1993 487 2044 exereitus
505 1994 643 2043 iusserunt.
672 1993 726 2043 Hoo
741 1999 765 2042 et
778 1993 808 2048 Τ,
818 1991 905 2043 Livius
918 1993 963 2045 lib.
978 1991 1100 2045 CXXVII.
1114 1997 1202 2058 refert,

219 2070 323 2128 excepte
341 2060 470 2129 Capitonis
488 2062 622 2113 mentione.
641 2060 784 2126 Porplffllo
802 2061 839 2112 ad
855 2062 948 2114 Horat.
965 2062 1022 2113 Sat.
1040 2064 1065 2124 Ι,
1081 2067 1107 2124 l),
1124 2063 1170 2118 29.

269 2137 305 2191 tt)
325 2132 364 2182 ab
382 2131 492 2181 Antonio
510 2130 605 2180 missus
623 2128 706 2180 inerat
722 2130 841 2180 Fonteius
859 2129 948 2197 Capito
968 2132 1076 2199 legatus,
1094 2135 1127 2184 ab
1145 2136 1191 2184 Au

219 2210 294 2268 gusto
312 2201 444 2252 Maecenas
463 2199 631 2251 intercedente
647 2196 754 2249 Goooeio
770 2197 866 2259 Narra,
890 2215 987 2265 proavo
1002 2200 1099 2251 Nervae
1117 2204 1203 2269 impe-

218 2271 324 2330 ratoris,
343 2271 386 2333 qui
405 2277 429 2320 et
447 2271 563 2334 Angusto
579 2276 604 2318 et
618 2267 728 2318 Antonio
745 2275 832 2334 gratus
850 2278 916 2330 erat,
942 2285 999 2320 oum
1016 2270 1139 2337 Agrippa.
1169 2288 1203 2323 ea

220 2347 304 2389 autem
322 2339 469 2390 ooudieione
483 2346 650 2388 convenerant
664 2336 751 2402 legati,
769 2344 796 2386 ut
808 2337 840 2387 de
850 2352 949 2389 summa
960 2354 1044 2388 rerum
1055 2348 1201 2402 traotareut,

220 2416 384 2469 exortumque
401 2407 586 2458 dissensionem
604 2407 669 2456 inter
687 2406 752 2457 duos
767 2405 816 2455 hos
827 2407 991 2472 imperatores
1004 2417 1202 2475 componerentt

220 2476 289 2539 qnod
306 2483 330 2525 et
349 2474 471 2539 iecerunt,
491 2482 515 2524 et
531 2482 666 2536 utrumque
684 2475 821 2524 exereitum
838 2477 909 2526 iuxta
923 2477 1085 2528 Brundisium
1104 2480 1132 2528 iu
1149 2494 1202 2530 una

220 2553 301 2595 eastra
318 2558 375 2593 oum
393 2557 486 2606 magna
503 2541 598 2591 laetitia
615 2550 760 2605 coegerunt,
778 2551 807 2593 ut
822 2544 898 2594 infert
910 2546 998 2596 Livius
1016 2544 1058 2596 lib.
1074 2546 1201 2598 CXXVII.

220 2614 397 2663 consummor
416 2609 518 2673 Oruquit'
534 2609 570 2657 ad
587 2609 680 2659 Horat.
698 2609 754 2660 Sat.
771 2612 838 2677 1‚o,
855 2611 898 2665 29.
917 2614 957 2678 Os.
969 2615 1119 2668 aramma.
1134 2616 1203 2681 Sm-

217 2682 289 2743 plem'
308 2692 364 2740 m
383 2676 426 2729 ω’
445 2693 500 2743 ⁸qq'
552 2742 631 2797 *nu
646 2747 681 2798 uo
710 2748 861 2800 oxxxrrr

267 2821 303 2876 tlt)
321 2815 410 2866 Livius
423 2815 500 2868 relert
519 2815 685 2883 Cleopatram,
704 2834 781 2881 quum
794 2821 826 2870 ab
840 2821 958 2885 Augusto
973 2830 1048 2888 oapta
1065 2821 1202 2888 indulgeu-

219 2884 270 2933 tius
288 2885 320 2937 de
334 2885 458 2937 industria
469 2894 626 2951 tractaretur,
640 2886 724 2936 dioere
736 2886 852 2938 solitam:
871 2888 929 2940 Noa
943 2890 1119 2955 ttlwupiolor.
1131 2892 1204 2942 Gom·

219 2960 340 3006 mentotor
356 2955 459 3021 Oraquii
479 2956 516 3006 ud
530 2956 642 3073 Equis
645 2954 693 3074 01:¹11).
711 2952 861 3077 Ιὸέἔξξβ.

270 3096 305 3147 to)
322 3089 414 3143 Caesar
423 3094 555 3160 Augustus
573 3095 599 3143 in
616 3094 767 3158 speetaoulis
780 3093 916 3163 [Romano]
929 3097 1024 3163 populo
1036 3100 1142 3159 nuntiat,
1162 3115 1204 3151 re-

220 3173 324 3223 gressus
341 3174 357 3209 a
373 3160 502 3212 Britannia
519 3162 611 3223 insula,
627 3170 707 3212 totum
720 3164 813 3213 orbem
831 3172 953 3216 terrarum
971 3173 1022 3215 tam
1041 3166 1107 3217 bello
1125 3183 1204 3231 quam

221 3227 339 3278 amicitiis
356 3230 469 3279 Romano
490 3231 596 3296 imperio
621 3228 703 3296 [panis
718 3232 883 3300 abundantia]
903 3235 1041 3289 subditum.
1070 3238 1205 3300 Apponitur

219 3298 246 3345 ia
262 3296 388 3349 &aanor
410 3297 563 3349 aarum
587 3298 645 3349 XII
666 3315 694 3362 ρ.
719 3298 779 3353 237.
808 3302 844 3365 of.
868 3301 1050 3355 sanamini
1073 3308 1203 3369 Drinum.

220 3367 338 3417 mserum
353 3366 427 3417 Aetia
440 3365 628 3432 pittotoqonon.
648 3369 768 3419 Onaaeldr
787 3367 855 3422 1844
871 3387 900 3434 p.
916 3370 953 3423 40
968 3388 1023 3438 sqq.

572 3433 618 3482 En
631 3436 673 3486 lati.
692 3436 844 3489 CXXXVI.

272 3508 306 3557 ou)
324 3503 419 3553 Eodem
437 3514 502 3550 anuo
518 3500 592 3551 ludos
610 3504 753 3555 saeculares
766 3505 859 3557 caesar
876 3508 974 3574 ingenti
990 3519 1114 3575 apparatu
1132 3509 1206 3572 leole,
