<?xml version="1.0" encoding="UTF-8"?>
<!DOCTYPE html PUBLIC "-//W3C//DTD XHTML 1.0 Transitional//EN"
    "http://www.w3.org/TR/xhtml1/DTD/xhtml1-transitional.dtd">
<html xmlns="http://www.w3.org/1999/xhtml" xml:lang="en" lang="en">
 <head>
  <title>
</title>
<meta http-equiv="Content-Type" content="text/html;charset=utf-8" />
  <meta name='ocr-system' content='tesseract 3.04.00' />
  <meta name='ocr-capabilities' content='ocr_page ocr_carea ocr_par ocr_line ocrx_word'/>
</head>
<body>
  <div class='ocr_page' id='page_1' title='image "./aburbeconditali01mlgoog_0255.png"; bbox 0 0 2642 4017; ppageno 0'>
   <div class='ocr_carea' id='block_1_1' title="bbox 327 250 1109 332">
    <p class='ocr_par' dir='ltr' id='par_1_1' title="bbox 327 250 1109 332">
     <span class='ocr_line' id='line_1_1' title="bbox 327 250 1109 332; baseline 0.01 -20"><span class='ocrx_word' id='word_1_1' title='bbox 327 253 559 313; x_wconf 76' lang='lat' dir='ltr'>umaaxiiv.</span> <span class='ocrx_word' id='word_1_2' title='bbox 582 253 743 316; x_wconf 69' lang='lat' dir='ltr'>cauas.</span> <span class='ocrx_word' id='word_1_3' title='bbox 768 257 848 332; x_wconf 70' lang='lat' dir='ltr'>[ac.</span> <span class='ocrx_word' id='word_1_4' title='bbox 864 262 925 329; x_wconf 79' lang='lat'>169]</span> <span class='ocrx_word' id='word_1_5' title='bbox 1051 250 1109 320; x_wconf 76' lang='lat' dir='ltr'>ali</span> 
     </span>
    </p>
   </div>
   <div class='ocr_carea' id='block_1_2' title="bbox 65 402 1112 2407">
    <p class='ocr_par' dir='ltr' id='par_1_2' title="bbox 65 402 1112 1303">
     <span class='ocr_line' id='line_1_2' title="bbox 128 402 1110 478; baseline 0 -11"><span class='ocrx_word' id='word_1_6' title='bbox 128 411 248 467; x_wconf 87' lang='lat' dir='ltr'>vastata</span> <span class='ocrx_word' id='word_1_7' title='bbox 262 403 301 464; x_wconf 87' lang='lat' dir='ltr'>ab</span> <span class='ocrx_word' id='word_1_8' title='bbox 317 402 463 463; x_wconf 88' lang='lat' dir='ltr'>Romanis</span> <span class='ocrx_word' id='word_1_9' title='bbox 479 407 573 475; x_wconf 91' lang='lat' dir='ltr'>erant,</span> <span class='ocrx_word' id='word_1_10' title='bbox 589 402 697 463; x_wconf 83' lang='lat' dir='ltr'>reiicit</span> <span class='ocrx_word' id='word_1_11' title='bbox 712 403 821 478; x_wconf 81' lang='lat' dir='ltr'>pinnas</span> <span class='ocrx_word' id='word_1_12' title='bbox 832 404 985 465; x_wconf 88' lang='lat' dir='ltr'>moenium</span> <span class='ocrx_word' id='word_1_13' title='bbox 1001 406 1110 469; x_wconf 91' lang='lat' dir='ltr'>decus·</span> 
     </span>
     <span class='ocr_line' id='line_1_3' title="bbox 128 487 1111 566; baseline 0 -14"><span class='ocrx_word' id='word_1_14' title='bbox 128 507 181 553; x_wconf 90' lang='lat' dir='ltr'>sas</span> <span class='ocrx_word' id='word_1_15' title='bbox 196 487 327 564; x_wconf 84' lang='lat' dir='ltr'>reponit,</span> <span class='ocrx_word' id='word_1_16' title='bbox 339 487 379 547; x_wconf 91' lang='lat' dir='ltr'>ab</span> <span class='ocrx_word' id='word_1_17' title='bbox 394 487 476 547; x_wconf 90' lang='lat' dir='ltr'>omni</span> <span class='ocrx_word' id='word_1_18' title='bbox 490 494 578 561; x_wconf 86' lang='lat' dir='ltr'>parta</span> <span class='ocrx_word' id='word_1_19' title='bbox 592 502 696 547; x_wconf 77' lang='lat' dir='ltr'>micros</span> <span class='ocrx_word' id='word_1_20' title='bbox 712 487 826 557; x_wconf 66' lang='lat' dir='ltr'>firmam</span> <span class='ocrx_word' id='word_1_21' title='bbox 848 488 960 548; x_wconf 88' lang='lat' dir='ltr'>deinde</span> <span class='ocrx_word' id='word_1_22' title='bbox 975 490 1111 566; x_wconf 91' lang='lat' dir='ltr'>quinque</span> 
     </span>
     <span class='ocr_line' id='line_1_4' title="bbox 128 568 1112 647; baseline 0.001 -13"><span class='ocrx_word' id='word_1_23' title='bbox 128 573 211 634; x_wconf 87' lang='lat' dir='ltr'>milia</span> <span class='ocrx_word' id='word_1_24' title='bbox 231 586 380 647; x_wconf 83' lang='lat' dir='ltr'><strong>passuum</strong></span> <span class='ocrx_word' id='word_1_25' title='bbox 399 568 438 630; x_wconf 90' lang='lat' dir='ltr'>ab</span> <span class='ocrx_word' id='word_1_26' title='bbox 458 569 535 630; x_wconf 88' lang='lat' dir='ltr'>urbe</span> <span class='ocrx_word' id='word_1_27' title='bbox 555 570 629 630; x_wconf 90' lang='lat' dir='ltr'>citra</span> <span class='ocrx_word' id='word_1_28' title='bbox 650 571 748 646; x_wconf 83' lang='lat' dir='ltr'><strong>ripam</strong></span> <span class='ocrx_word' id='word_1_29' title='bbox 767 571 875 647; x_wconf 81' lang='lat' dir='ltr'>Enipei</span> <span class='ocrx_word' id='word_1_30' title='bbox 895 572 994 632; x_wconf 89' lang='lat' dir='ltr'>amnis</span> <span class='ocrx_word' id='word_1_31' title='bbox 1012 582 1112 635; x_wconf 88' lang='lat' dir='ltr'>castra</span> 
     </span>
     <span class='ocr_line' id='line_1_5' title="bbox 129 653 1111 734; baseline 0.003 -17"><span class='ocrx_word' id='word_1_32' title='bbox 129 657 223 734; x_wconf 88' lang='lat' dir='ltr'>ponit,</span> <span class='ocrx_word' id='word_1_33' title='bbox 239 669 359 717; x_wconf 91' lang='lat' dir='ltr'>amnem</span> <span class='ocrx_word' id='word_1_34' title='bbox 371 655 472 729; x_wconf 88' lang='lat' dir='ltr'>ipsum</span> <span class='ocrx_word' id='word_1_35' title='bbox 488 653 617 715; x_wconf 90' lang='lat' dir='ltr'>transitu</span> <span class='ocrx_word' id='word_1_36' title='bbox 631 653 842 729; x_wconf 86' lang='lat' dir='ltr'>perdifficilem</span> <span class='ocrx_word' id='word_1_37' title='bbox 857 672 914 730; x_wconf 90' lang='lat' dir='ltr'>pro</span> <span class='ocrx_word' id='word_1_38' title='bbox 925 656 1111 720; x_wconf 88' lang='lat' dir='ltr'>munimento</span> 
     </span>
     <span class='ocr_line' id='line_1_6' title="bbox 127 736 1111 817; baseline 0.001 -16"><span class='ocrx_word' id='word_1_39' title='bbox 127 740 297 801; x_wconf 89' lang='lat' dir='ltr'>habiturus.</span> <span class='ocrx_word' id='word_1_40' title='bbox 319 737 387 799; x_wconf 83' lang='lat' dir='ltr'>iluit</span> <span class='ocrx_word' id='word_1_41' title='bbox 400 753 439 797; x_wconf 88' lang='lat' dir='ltr'>ex</span> <span class='ocrx_word' id='word_1_42' title='bbox 455 737 535 797; x_wconf 91' lang='lat' dir='ltr'>valle</span> <span class='ocrx_word' id='word_1_43' title='bbox 550 736 673 815; x_wconf 84' lang='lat' dir='ltr'>Olympi</span> <span class='ocrx_word' id='word_1_44' title='bbox 685 739 811 813; x_wconf 90' lang='lat' dir='ltr'>montis,</span> <span class='ocrx_word' id='word_1_45' title='bbox 834 747 950 801; x_wconf 89' lang='lat' dir='ltr'>aestate</span> <span class='ocrx_word' id='word_1_46' title='bbox 970 741 1111 817; x_wconf 85' lang='lat' dir='ltr'>exiguus,</span> 
     </span>
     <span class='ocr_line' id='line_1_7' title="bbox 127 821 1110 900; baseline 0.001 -16"><span class='ocrx_word' id='word_1_47' title='bbox 127 825 263 885; x_wconf 87' lang='lat' dir='ltr'>hibernis</span> <span class='ocrx_word' id='word_1_48' title='bbox 286 823 367 882; x_wconf 89' lang='lat' dir='ltr'>idem</span> <span class='ocrx_word' id='word_1_49' title='bbox 388 821 530 883; x_wconf 92' lang='lat' dir='ltr'>incitatus</span> <span class='ocrx_word' id='word_1_50' title='bbox 551 821 664 897; x_wconf 87' lang='lat' dir='ltr'>pluviis</span> <span class='ocrx_word' id='word_1_51' title='bbox 690 828 720 881; x_wconf 90' lang='lat' dir='ltr'>et</span> <span class='ocrx_word' id='word_1_52' title='bbox 739 837 836 897; x_wconf 87' lang='lat' dir='ltr'>supra</span> <span class='ocrx_word' id='word_1_53' title='bbox 855 838 950 898; x_wconf 88' lang='lat' dir='ltr'>rupes</span> <span class='ocrx_word' id='word_1_54' title='bbox 972 825 1110 900; x_wconf 78' lang='lat' dir='ltr'>ingentes</span> 
     </span>
     <span class='ocr_line' id='line_1_8' title="bbox 127 904 1110 983; baseline 0.003 -15"><span class='ocrx_word' id='word_1_55' title='bbox 127 908 262 983; x_wconf 77' lang='lat' dir='ltr'>gurgites</span> <span class='ocrx_word' id='word_1_56' title='bbox 279 906 359 979; x_wconf 88' lang='lat' dir='ltr'>lacit,</span> <span class='ocrx_word' id='word_1_57' title='bbox 374 912 404 966; x_wconf 90' lang='lat' dir='ltr'>et</span> <span class='ocrx_word' id='word_1_58' title='bbox 417 904 495 965; x_wconf 89' lang='lat' dir='ltr'>inira</span> <span class='ocrx_word' id='word_1_59' title='bbox 505 911 664 981; x_wconf 75' lang='lat' dir='ltr'>prorutam</span> <span class='ocrx_word' id='word_1_60' title='bbox 677 904 707 965; x_wconf 90' lang='lat' dir='ltr'>in</span> <span class='ocrx_word' id='word_1_61' title='bbox 722 921 806 968; x_wconf 89' lang='lat' dir='ltr'>mare</span> <span class='ocrx_word' id='word_1_62' title='bbox 815 908 988 969; x_wconf 89' lang='lat' dir='ltr'>evolvendo</span> <span class='ocrx_word' id='word_1_63' title='bbox 1000 915 1110 971; x_wconf 89' lang='lat' dir='ltr'>terram</span> 
     </span>
     <span class='ocr_line' id='line_1_9' title="bbox 127 989 1106 1066; baseline 0.004 -16"><span class='ocrx_word' id='word_1_64' title='bbox 127 993 281 1066; x_wconf 75' lang='lat' dir='ltr'>praealtas</span> <span class='ocrx_word' id='word_1_65' title='bbox 302 989 481 1064; x_wconf 74' lang='lat' dir='ltr'>voragines,</span> <span class='ocrx_word' id='word_1_66' title='bbox 503 997 675 1065; x_wconf 83' lang='lat' dir='ltr'>cavatoque</span> <span class='ocrx_word' id='word_1_67' title='bbox 689 990 790 1051; x_wconf 85' lang='lat' dir='ltr'>medio</span> <span class='ocrx_word' id='word_1_68' title='bbox 805 992 893 1052; x_wconf 87' lang='lat' dir='ltr'>alveo</span> <span class='ocrx_word' id='word_1_69' title='bbox 908 992 993 1066; x_wconf 84' lang='lat' dir='ltr'>ripas</span> <span class='ocrx_word' id='word_1_70' title='bbox 1007 994 1106 1054; x_wconf 79' lang='lat' dir='ltr'>utrim-</span> 
     </span>
     <span class='ocr_line' id='line_1_10' title="bbox 129 1072 1109 1151; baseline 0.002 -15"><span class='ocrx_word' id='word_1_71' title='bbox 129 1091 190 1151; x_wconf 89' lang='lat' dir='ltr'>que</span> <span class='ocrx_word' id='word_1_72' title='bbox 201 1074 395 1150; x_wconf 89' lang='lat' dir='ltr'>praecipites.</span> <span class='ocrx_word' id='word_1_73' title='bbox 430 1072 490 1132; x_wconf 85' lang='lat' dir='ltr'>hoc</span> <span class='ocrx_word' id='word_1_74' title='bbox 508 1072 635 1134; x_wconf 81' lang='lat' dir='ltr'>numine</span> <span class='ocrx_word' id='word_1_75' title='bbox 654 1073 838 1150; x_wconf 88' lang='lat' dir='ltr'>obsaeptum</span> <span class='ocrx_word' id='word_1_76' title='bbox 853 1075 910 1135; x_wconf 89' lang='lat' dir='ltr'>iter</span> <span class='ocrx_word' id='word_1_77' title='bbox 931 1075 1029 1138; x_wconf 87' lang='lat' dir='ltr'>hostis</span> <span class='ocrx_word' id='word_1_78' title='bbox 1046 1093 1109 1138; x_wconf 91' lang='lat' dir='ltr'>cre·</span> 
     </span>
     <span class='ocr_line' id='line_1_11' title="bbox 65 1157 1109 1233; baseline 0.003 -13"><span class='ocrx_word' id='word_1_79' title='bbox 65 1197 70 1207; x_wconf 85' lang='lat'><strong>·</strong></span> <span class='ocrx_word' id='word_1_80' title='bbox 127 1160 207 1220; x_wconf 89' lang='lat' dir='ltr'>dens</span> <span class='ocrx_word' id='word_1_81' title='bbox 227 1157 387 1218; x_wconf 74' lang='lat' dir='ltr'>exanhere</span> <span class='ocrx_word' id='word_1_82' title='bbox 406 1157 557 1233; x_wconf 87' lang='lat' dir='ltr'>reliquum</span> <span class='ocrx_word' id='word_1_83' title='bbox 577 1165 699 1233; x_wconf 90' lang='lat' dir='ltr'>tempus</span> <span class='ocrx_word' id='word_1_84' title='bbox 721 1159 787 1219; x_wconf 89' lang='lat' dir='ltr'>eius</span> <span class='ocrx_word' id='word_1_85' title='bbox 808 1159 934 1221; x_wconf 89' lang='lat' dir='ltr'>aestatis</span> <span class='ocrx_word' id='word_1_86' title='bbox 954 1160 985 1220; x_wconf 96' lang='lat' dir='ltr'>in</span> <span class='ocrx_word' id='word_1_87' title='bbox 1008 1161 1109 1223; x_wconf 88' lang='lat' dir='ltr'>animo</span> 
     </span>
     <span class='ocr_line' id='line_1_12' title="bbox 126 1242 268 1303; baseline -0.021 -1"><span class='ocrx_word' id='word_1_88' title='bbox 126 1242 268 1303; x_wconf 89' lang='lat' dir='ltr'>hahebat.</span> 
     </span>
    </p>

    <p class='ocr_par' dir='ltr' id='par_1_3' title="bbox 126 1323 1111 2407">
     <span class='ocr_line' id='line_1_13' title="bbox 212 1323 1109 1401; baseline 0.003 -16"><span class='ocrx_word' id='word_1_89' title='bbox 212 1327 294 1387; x_wconf 91' lang='lat' dir='ltr'>lnter</span> <span class='ocrx_word' id='word_1_90' title='bbox 309 1325 387 1385; x_wconf 89' lang='lat' dir='ltr'>haec</span> <span class='ocrx_word' id='word_1_91' title='bbox 401 1327 510 1386; x_wconf 90' lang='lat' dir='ltr'>consul</span> <span class='ocrx_word' id='word_1_92' title='bbox 525 1323 643 1385; x_wconf 87' lang='lat' dir='ltr'>aPhila</span> <span class='ocrx_word' id='word_1_93' title='bbox 655 1324 818 1401; x_wconf 88' lang='lat' dir='ltr'>Popillium</span> <span class='ocrx_word' id='word_1_94' title='bbox 828 1341 896 1387; x_wconf 84' lang='lat' dir='ltr'>eum</span> <span class='ocrx_word' id='word_1_95' title='bbox 920 1328 1041 1389; x_wconf 90' lang='lat' dir='ltr'>duobus</span> <span class='ocrx_word' id='word_1_96' title='bbox 1056 1329 1109 1388; x_wconf 90' lang='lat' dir='ltr'>mi·</span> 
     </span>
     <span class='ocr_line' id='line_1_14' title="bbox 127 1408 1111 1486; baseline 0.002 -17"><span class='ocrx_word' id='word_1_97' title='bbox 127 1409 209 1471; x_wconf 88' lang='lat' dir='ltr'>libus</span> <span class='ocrx_word' id='word_1_98' title='bbox 224 1417 407 1470; x_wconf 90' lang='lat' dir='ltr'>armatorum</span> <span class='ocrx_word' id='word_1_99' title='bbox 421 1410 602 1468; x_wconf 88' lang='lat' dir='ltr'>Heracleum</span> <span class='ocrx_word' id='word_1_100' title='bbox 617 1408 714 1469; x_wconf 88' lang='lat' dir='ltr'>mittit</span> <span class='ocrx_word' id='word_1_101' title='bbox 741 1410 831 1470; x_wconf 85' lang='lat' dir='ltr'>abest</span> <span class='ocrx_word' id='word_1_102' title='bbox 845 1409 961 1471; x_wconf 87' lang='lat' dir='ltr'>aPhila</span> <span class='ocrx_word' id='word_1_103' title='bbox 976 1411 1111 1486; x_wconf 89' lang='lat' dir='ltr'>quinque</span> 
     </span>
     <span class='ocr_line' id='line_1_15' title="bbox 127 1491 1108 1568; baseline -0.001 -14"><span class='ocrx_word' id='word_1_104' title='bbox 127 1493 211 1554; x_wconf 87' lang='lat' dir='ltr'>milia</span> <span class='ocrx_word' id='word_1_105' title='bbox 225 1495 320 1554; x_wconf 86' lang='lat' dir='ltr'>terme</span> <span class='ocrx_word' id='word_1_106' title='bbox 332 1508 496 1568; x_wconf 85' lang='lat' dir='ltr'>passuum,</span> <span class='ocrx_word' id='word_1_107' title='bbox 517 1491 619 1551; x_wconf 84' lang='lat' dir='ltr'>media</span> <span class='ocrx_word' id='word_1_108' title='bbox 638 1492 765 1566; x_wconf 85' lang='lat' dir='ltr'>ragione</span> <span class='ocrx_word' id='word_1_109' title='bbox 785 1493 863 1553; x_wconf 90' lang='lat' dir='ltr'>inter</span> <span class='ocrx_word' id='word_1_110' title='bbox 876 1492 966 1553; x_wconf 87' lang='lat' dir='ltr'>Dimn</span> <span class='ocrx_word' id='word_1_111' title='bbox 983 1493 1108 1568; x_wconf 85' lang='lat' dir='ltr'>Tempe·</span> 
     </span>
     <span class='ocr_line' id='line_1_16' title="bbox 130 1573 1108 1653; baseline 0.001 -16"><span class='ocrx_word' id='word_1_112' title='bbox 130 1592 205 1653; x_wconf 91' lang='lat' dir='ltr'>que,</span> <span class='ocrx_word' id='word_1_113' title='bbox 234 1578 264 1637; x_wconf 93' lang='lat' dir='ltr'>in</span> <span class='ocrx_word' id='word_1_114' title='bbox 291 1592 370 1652; x_wconf 88' lang='lat' dir='ltr'>rupe</span> <span class='ocrx_word' id='word_1_115' title='bbox 395 1576 476 1636; x_wconf 89' lang='lat' dir='ltr'>amni</span> <span class='ocrx_word' id='word_1_116' title='bbox 501 1573 675 1635; x_wconf 87' lang='lat' dir='ltr'>imminente</span> <span class='ocrx_word' id='word_1_117' title='bbox 706 1575 849 1649; x_wconf 85' lang='lat' dir='ltr'>positum.</span> <span class='ocrx_word' id='word_1_118' title='bbox 892 1575 942 1635; x_wconf 90' lang='lat' dir='ltr'>lX.</span> <span class='ocrx_word' id='word_1_119' title='bbox 962 1574 1108 1652; x_wconf 74' lang='lat' dir='ltr'>Popillius</span> 
     </span>
     <span class='ocr_line' id='line_1_17' title="bbox 128 1656 1109 1738; baseline -0.001 -17"><span class='ocrx_word' id='word_1_120' title='bbox 128 1660 307 1738; x_wconf 91' lang='lat' dir='ltr'>priusquam</span> <span class='ocrx_word' id='word_1_121' title='bbox 322 1667 455 1721; x_wconf 86' lang='lat' dir='ltr'>armatos</span> <span class='ocrx_word' id='word_1_122' title='bbox 470 1658 565 1720; x_wconf 88' lang='lat' dir='ltr'>muris</span> <span class='ocrx_word' id='word_1_123' title='bbox 576 1658 763 1733; x_wconf 86' lang='lat' dir='ltr'>admoveret,</span> <span class='ocrx_word' id='word_1_124' title='bbox 784 1656 867 1722; x_wconf 88' lang='lat' dir='ltr'>misit</span> <span class='ocrx_word' id='word_1_125' title='bbox 886 1660 938 1735; x_wconf 90' lang='lat' dir='ltr'>qui</span> <span class='ocrx_word' id='word_1_126' title='bbox 952 1660 1109 1736; x_wconf 91' lang='lat' dir='ltr'>magistra-</span> 
     </span>
     <span class='ocr_line' id='line_1_18' title="bbox 129 1742 1107 1821; baseline -0.001 -16"><span class='ocrx_word' id='word_1_127' title='bbox 129 1745 210 1805; x_wconf 90' lang='lat' dir='ltr'>tibus</span> <span class='ocrx_word' id='word_1_128' title='bbox 225 1742 478 1820; x_wconf 89' lang='lat' dir='ltr'>principibusque</span> <span class='ocrx_word' id='word_1_129' title='bbox 492 1742 665 1816; x_wconf 90' lang='lat' dir='ltr'>suaderent,</span> <span class='ocrx_word' id='word_1_130' title='bbox 681 1742 774 1803; x_wconf 87' lang='lat' dir='ltr'>fidem</span> <span class='ocrx_word' id='word_1_131' title='bbox 785 1743 1038 1821; x_wconf 80' lang='lat' dir='ltr'>clementiamque</span> <span class='ocrx_word' id='word_1_132' title='bbox 1048 1745 1107 1805; x_wconf 79' lang='lat' dir='ltr'>Ro</span> 
     </span>
     <span class='ocr_line' id='line_1_19' title="bbox 127 1825 1111 1903; baseline 0 -14"><span class='ocrx_word' id='word_1_133' title='bbox 127 1845 287 1889; x_wconf 91' lang='lat' dir='ltr'>manorum</span> <span class='ocrx_word' id='word_1_134' title='bbox 306 1845 398 1903; x_wconf 89' lang='lat' dir='ltr'>quam</span> <span class='ocrx_word' id='word_1_135' title='bbox 418 1828 479 1888; x_wconf 86' lang='lat' dir='ltr'>vim</span> <span class='ocrx_word' id='word_1_136' title='bbox 501 1825 633 1902; x_wconf 89' lang='lat' dir='ltr'>experiri</span> <span class='ocrx_word' id='word_1_137' title='bbox 655 1827 788 1889; x_wconf 86' lang='lat' dir='ltr'>mallent</span> <span class='ocrx_word' id='word_1_138' title='bbox 826 1826 899 1888; x_wconf 89' lang='lat' dir='ltr'>nihil</span> <span class='ocrx_word' id='word_1_139' title='bbox 922 1844 959 1888; x_wconf 87' lang='lat' dir='ltr'>ea</span> <span class='ocrx_word' id='word_1_140' title='bbox 981 1828 1111 1891; x_wconf 88' lang='lat' dir='ltr'>consilia</span> 
     </span>
     <span class='ocr_line' id='line_1_20' title="bbox 127 1908 1105 1989; baseline -0.001 -15"><span class='ocrx_word' id='word_1_141' title='bbox 127 1920 297 1986; x_wconf 88' lang='lat' dir='ltr'>moverunt,</span> <span class='ocrx_word' id='word_1_142' title='bbox 315 1913 387 1988; x_wconf 90' lang='lat' dir='ltr'>quia</span> <span class='ocrx_word' id='word_1_143' title='bbox 401 1910 490 1987; x_wconf 88' lang='lat' dir='ltr'>ignes</span> <span class='ocrx_word' id='word_1_144' title='bbox 505 1910 546 1971; x_wconf 91' lang='lat' dir='ltr'>ad</span> <span class='ocrx_word' id='word_1_145' title='bbox 559 1908 710 1985; x_wconf 83' lang='lat' dir='ltr'>Enipeum</span> <span class='ocrx_word' id='word_1_146' title='bbox 725 1926 765 1971; x_wconf 82' lang='lat' dir='ltr'>ex</span> <span class='ocrx_word' id='word_1_147' title='bbox 781 1912 874 1987; x_wconf 84' lang='lat' dir='ltr'>regiis</span> <span class='ocrx_word' id='word_1_148' title='bbox 890 1912 998 1973; x_wconf 86' lang='lat' dir='ltr'>castris</span> <span class='ocrx_word' id='word_1_149' title='bbox 1015 1929 1105 1989; x_wconf 83' lang='lat' dir='ltr'>appa-</span> 
     </span>
     <span class='ocr_line' id='line_1_21' title="bbox 129 1994 1110 2071; baseline -0.001 -14"><span class='ocrx_word' id='word_1_150' title='bbox 129 1996 244 2058; x_wconf 84' lang='lat' dir='ltr'>rebant.</span> <span class='ocrx_word' id='word_1_151' title='bbox 264 2003 326 2057; x_wconf 92' lang='lat' dir='ltr'>tum</span> <span class='ocrx_word' id='word_1_152' title='bbox 343 2001 423 2058; x_wconf 88' lang='lat' dir='ltr'>terra</span> <span class='ocrx_word' id='word_1_153' title='bbox 435 1994 574 2071; x_wconf 86' lang='lat' dir='ltr'>marique</span> <span class='ocrx_word' id='word_1_154' title='bbox 586 2027 630 2040; x_wconf 87' lang='lat'><em>—</em></span> <span class='ocrx_word' id='word_1_155' title='bbox 644 2001 675 2057; x_wconf 90' lang='lat' dir='ltr'>et</span> <span class='ocrx_word' id='word_1_156' title='bbox 688 1994 798 2057; x_wconf 89' lang='lat' dir='ltr'>classis</span> <span class='ocrx_word' id='word_1_157' title='bbox 813 1997 946 2070; x_wconf 88' lang='lat' dir='ltr'>appulsa</span> <span class='ocrx_word' id='word_1_158' title='bbox 960 1995 999 2055; x_wconf 89' lang='lat' dir='ltr'>ab</span> <span class='ocrx_word' id='word_1_159' title='bbox 1010 1996 1110 2056; x_wconf 89' lang='lat' dir='ltr'>littore</span> 
     </span>
     <span class='ocr_line' id='line_1_22' title="bbox 129 2077 1104 2155; baseline -0.002 -15"><span class='ocrx_word' id='word_1_160' title='bbox 129 2081 230 2142; x_wconf 81' lang='lat' dir='ltr'>stabat</span> <span class='ocrx_word' id='word_1_161' title='bbox 247 2113 290 2126; x_wconf 87' lang='grc'><strong>-</strong></span> <span class='ocrx_word' id='word_1_162' title='bbox 313 2079 405 2142; x_wconf 67' lang='lat' dir='ltr'>mmm</span> <span class='ocrx_word' id='word_1_163' title='bbox 427 2080 520 2141; x_wconf 89' lang='lat' dir='ltr'>annis</span> <span class='ocrx_word' id='word_1_164' title='bbox 542 2080 634 2141; x_wconf 90' lang='lat' dir='ltr'>simul</span> <span class='ocrx_word' id='word_1_165' title='bbox 656 2077 804 2154; x_wconf 85' lang='lat' dir='ltr'>operibus</span> <span class='ocrx_word' id='word_1_166' title='bbox 824 2077 1037 2155; x_wconf 82' lang='lat' dir='ltr'>machinisque</span> <span class='ocrx_word' id='word_1_167' title='bbox 1054 2095 1104 2153; x_wconf 90' lang='lat' dir='ltr'>op·</span> 
     </span>
     <span class='ocr_line' id='line_1_23' title="bbox 128 2162 1110 2240; baseline -0.003 -15"><span class='ocrx_word' id='word_1_168' title='bbox 128 2165 259 2240; x_wconf 86' lang='lat' dir='ltr'>pugnari</span> <span class='ocrx_word' id='word_1_169' title='bbox 280 2164 391 2240; x_wconf 88' lang='lat' dir='ltr'>coepti.</span> <span class='ocrx_word' id='word_1_170' title='bbox 425 2163 556 2225; x_wconf 87' lang='lat' dir='ltr'>invenes</span> <span class='ocrx_word' id='word_1_171' title='bbox 576 2163 666 2224; x_wconf 86' lang='lat' dir='ltr'>etiam</span> <span class='ocrx_word' id='word_1_172' title='bbox 693 2163 817 2237; x_wconf 90' lang='lat' dir='ltr'>quidam</span> <span class='ocrx_word' id='word_1_173' title='bbox 837 2162 967 2223; x_wconf 86' lang='lat' dir='ltr'>Romani</span> <span class='ocrx_word' id='word_1_174' title='bbox 992 2162 1110 2223; x_wconf 86' lang='lat' dir='ltr'>ludicro</span> 
     </span>
     <span class='ocr_line' id='line_1_24' title="bbox 128 2246 1109 2323; baseline -0.001 -15"><span class='ocrx_word' id='word_1_175' title='bbox 128 2248 258 2311; x_wconf 90' lang='lat' dir='ltr'>circensi</span> <span class='ocrx_word' id='word_1_176' title='bbox 272 2251 311 2310; x_wconf 89' lang='lat' dir='ltr'>ad</span> <span class='ocrx_word' id='word_1_177' title='bbox 325 2265 416 2311; x_wconf 89' lang='lat' dir='ltr'>usum</span> <span class='ocrx_word' id='word_1_178' title='bbox 429 2248 500 2309; x_wconf 84' lang='lat' dir='ltr'>belli</span> <span class='ocrx_word' id='word_1_179' title='bbox 515 2263 608 2310; x_wconf 85' lang='lat' dir='ltr'>verso</span> <span class='ocrx_word' id='word_1_180' title='bbox 624 2253 742 2323; x_wconf 84' lang='lat' dir='ltr'>partem</span> <span class='ocrx_word' id='word_1_181' title='bbox 756 2246 953 2308; x_wconf 88' lang='lat' dir='ltr'>humillimam</span> <span class='ocrx_word' id='word_1_182' title='bbox 967 2246 1044 2307; x_wconf 89' lang='lat' dir='ltr'>muri</span> <span class='ocrx_word' id='word_1_183' title='bbox 1060 2262 1109 2307; x_wconf 90' lang='lat' dir='ltr'>ce-</span> 
     </span>
     <span class='ocr_line' id='line_1_25' title="bbox 126 2329 1111 2407; baseline 0 -15"><span class='ocrx_word' id='word_1_184' title='bbox 126 2339 246 2407; x_wconf 86' lang='lat' dir='ltr'>perunt.</span> <span class='ocrx_word' id='word_1_185' title='bbox 288 2348 357 2394; x_wconf 90' lang='lat' dir='ltr'>mos</span> <span class='ocrx_word' id='word_1_186' title='bbox 382 2340 446 2394; x_wconf 87' lang='lat' dir='ltr'>erat</span> <span class='ocrx_word' id='word_1_187' title='bbox 469 2339 548 2406; x_wconf 86' lang='lat' dir='ltr'>tum,</span> <span class='ocrx_word' id='word_1_188' title='bbox 573 2331 711 2394; x_wconf 86' lang='lat' dir='ltr'>nondum</span> <span class='ocrx_word' id='word_1_189' title='bbox 730 2331 789 2392; x_wconf 87' lang='lat' dir='ltr'>hac</span> <span class='ocrx_word' id='word_1_190' title='bbox 815 2329 967 2392; x_wconf 82' lang='lat' dir='ltr'>effusione</span> <span class='ocrx_word' id='word_1_191' title='bbox 988 2331 1111 2392; x_wconf 88' lang='lat' dir='ltr'>inducta</span> 
     </span>
    </p>
   </div>
   <div class='ocr_carea' id='block_1_3' title="bbox 127 2415 1228 2493">
    <p class='ocr_par' dir='ltr' id='par_1_4' title="bbox 127 2415 1228 2493">
     <span class='ocr_line' id='line_1_26' title="bbox 127 2415 1228 2493; baseline -0.003 -17"><span class='ocrx_word' id='word_1_192' title='bbox 127 2416 235 2478; x_wconf 88' lang='lat' dir='ltr'>bestiis</span> <span class='ocrx_word' id='word_1_193' title='bbox 250 2417 383 2479; x_wconf 89' lang='lat' dir='ltr'>omnium</span> <span class='ocrx_word' id='word_1_194' title='bbox 400 2418 532 2493; x_wconf 90' lang='lat' dir='ltr'>gentium</span> <span class='ocrx_word' id='word_1_195' title='bbox 548 2416 661 2478; x_wconf 88' lang='lat' dir='ltr'>circum</span> <span class='ocrx_word' id='word_1_196' title='bbox 677 2415 867 2492; x_wconf 87' lang='lat' dir='ltr'>complendi,</span> <span class='ocrx_word' id='word_1_197' title='bbox 885 2415 970 2476; x_wconf 91' lang='lat' dir='ltr'>varia</span> <span class='ocrx_word' id='word_1_198' title='bbox 991 2422 1110 2490; x_wconf 82' lang='lat' dir='ltr'>spacta—</span> <span class='ocrx_word' id='word_1_199' title='bbox 1225 2467 1228 2473; x_wconf 80' lang='grc'>,</span> 
     </span>
    </p>
   </div>
   <div class='ocr_carea' id='block_1_4' title="bbox 127 2499 1109 2826">
    <p class='ocr_par' dir='ltr' id='par_1_5' title="bbox 127 2499 1109 2826">
     <span class='ocr_line' id='line_1_27' title="bbox 128 2499 1109 2577; baseline -0.002 -17"><span class='ocrx_word' id='word_1_200' title='bbox 128 2502 265 2562; x_wconf 78' lang='lat' dir='ltr'>aulonam</span> <span class='ocrx_word' id='word_1_201' title='bbox 280 2501 463 2577; x_wconf 87' lang='lat' dir='ltr'>conquirere</span> <span class='ocrx_word' id='word_1_202' title='bbox 474 2516 602 2577; x_wconf 67' lang='lat' dir='ltr'>generez</span> <span class='ocrx_word' id='word_1_203' title='bbox 623 2516 695 2561; x_wconf 88' lang='lat' dir='ltr'>nam</span> <span class='ocrx_word' id='word_1_204' title='bbox 715 2501 809 2562; x_wconf 88' lang='lat' dir='ltr'>semel</span> <span class='ocrx_word' id='word_1_205' title='bbox 831 2499 998 2575; x_wconf 85' lang='lat' dir='ltr'>quadrigis,</span> <span class='ocrx_word' id='word_1_206' title='bbox 1015 2500 1109 2559; x_wconf 88' lang='lat' dir='ltr'>semel</span> 
     </span>
     <span class='ocr_line' id='line_1_28' title="bbox 127 2582 1109 2661; baseline 0.001 -19"><span class='ocrx_word' id='word_1_207' title='bbox 127 2584 284 2645; x_wconf 89' lang='lat' dir='ltr'>desultore</span> <span class='ocrx_word' id='word_1_208' title='bbox 297 2585 394 2645; x_wconf 88' lang='lat' dir='ltr'>misso</span> <span class='ocrx_word' id='word_1_209' title='bbox 404 2586 457 2644; x_wconf 86' lang='lat' dir='ltr'>vix</span> <span class='ocrx_word' id='word_1_210' title='bbox 477 2586 568 2646; x_wconf 90' lang='lat' dir='ltr'>unius</span> <span class='ocrx_word' id='word_1_211' title='bbox 588 2585 685 2648; x_wconf 87' lang='lat' dir='ltr'>horae</span> <span class='ocrx_word' id='word_1_212' title='bbox 704 2591 826 2661; x_wconf 87' lang='lat' dir='ltr'>tempus</span> <span class='ocrx_word' id='word_1_213' title='bbox 841 2591 1002 2658; x_wconf 82' lang='lat' dir='ltr'>utrumque</span> <span class='ocrx_word' id='word_1_214' title='bbox 1016 2582 1109 2644; x_wconf 87' lang='lat' dir='ltr'>curri·</span> 
     </span>
     <span class='ocr_line' id='line_1_29' title="bbox 129 2667 1109 2744; baseline 0.004 -20"><span class='ocrx_word' id='word_1_215' title='bbox 129 2668 232 2726; x_wconf 91' lang='lat' dir='ltr'>culum</span> <span class='ocrx_word' id='word_1_216' title='bbox 253 2667 435 2742; x_wconf 88' lang='lat' dir='ltr'>complebat.</span> <span class='ocrx_word' id='word_1_217' title='bbox 469 2669 547 2728; x_wconf 85' lang='lat' dir='ltr'>inter</span> <span class='ocrx_word' id='word_1_218' title='bbox 568 2676 672 2729; x_wconf 87' lang='lat' dir='ltr'>cetera</span> <span class='ocrx_word' id='word_1_219' title='bbox 690 2669 838 2744; x_wconf 86' lang='lat' dir='ltr'>sexageni</span> <span class='ocrx_word' id='word_1_220' title='bbox 860 2669 954 2728; x_wconf 84' lang='lat' dir='ltr'>terme</span> <span class='ocrx_word' id='word_1_221' title='bbox 972 2668 1109 2741; x_wconf 89' lang='lat' dir='ltr'>iuvenes,</span> 
     </span>
     <span class='ocr_line' id='line_1_30' title="bbox 128 2748 1109 2826; baseline 0.002 -20"><span class='ocrx_word' id='word_1_222' title='bbox 128 2748 280 2808; x_wconf 88' lang='lat' dir='ltr'>interdum</span> <span class='ocrx_word' id='word_1_223' title='bbox 292 2752 396 2823; x_wconf 90' lang='lat' dir='ltr'>plures</span> <span class='ocrx_word' id='word_1_224' title='bbox 408 2750 652 2824; x_wconf 80' lang='lat' dir='ltr'>apparatioribus</span> <span class='ocrx_word' id='word_1_225' title='bbox 664 2751 754 2826; x_wconf 87' lang='lat' dir='ltr'>ludis,</span> <span class='ocrx_word' id='word_1_226' title='bbox 766 2751 1109 2814; x_wconf 88' lang='lat' dir='ltr'>armatiinducebantur.</span> 
     </span>
    </p>
   </div>
   <div class='ocr_carea' id='block_1_5' title="bbox 129 2829 1244 2916">
    <p class='ocr_par' dir='ltr' id='par_1_6' title="bbox 129 2829 1244 2916">
     <span class='ocr_line' id='line_1_31' title="bbox 129 2829 1244 2916; baseline 0.006 -27"><span class='ocrx_word' id='word_1_227' title='bbox 129 2833 237 2890; x_wconf 86' lang='lat' dir='ltr'>horum</span> <span class='ocrx_word' id='word_1_228' title='bbox 249 2829 385 2896; x_wconf 90' lang='lat' dir='ltr'>inductio</span> <span class='ocrx_word' id='word_1_229' title='bbox 400 2838 539 2907; x_wconf 86' lang='lat' dir='ltr'>exparte</span> <span class='ocrx_word' id='word_1_230' title='bbox 549 2831 744 2894; x_wconf 87' lang='lat' dir='ltr'>simulacrum</span> <span class='ocrx_word' id='word_1_231' title='bbox 756 2834 946 2896; x_wconf 82' lang='lat' dir='ltr'>decurrentis</span> <span class='ocrx_word' id='word_1_232' title='bbox 958 2837 1109 2897; x_wconf 84' lang='lat' dir='ltr'>exercitus</span> <span class='ocrx_word' id='word_1_233' title='bbox 1217 2896 1244 2916; x_wconf 64' lang='grc'><em>,</em></span> 
     </span>
    </p>
   </div>
   <div class='ocr_carea' id='block_1_6' title="bbox 126 2914 1110 3580">
    <p class='ocr_par' dir='ltr' id='par_1_7' title="bbox 126 2914 1110 3580">
     <span class='ocr_line' id='line_1_32' title="bbox 128 2914 1108 2994; baseline 0.006 -20"><span class='ocrx_word' id='word_1_234' title='bbox 128 2923 203 2989; x_wconf 77' lang='lat' dir='ltr'>erat,</span> <span class='ocrx_word' id='word_1_235' title='bbox 219 2930 257 2976; x_wconf 86' lang='lat' dir='ltr'>ex</span> <span class='ocrx_word' id='word_1_236' title='bbox 274 2919 363 2990; x_wconf 79' lang='lat' dir='ltr'>parte</span> <span class='ocrx_word' id='word_1_237' title='bbox 376 2914 570 2989; x_wconf 87' lang='lat' dir='ltr'>elegantioris</span> <span class='ocrx_word' id='word_1_238' title='bbox 587 2931 680 2991; x_wconf 92' lang='lat' dir='ltr'>quam</span> <span class='ocrx_word' id='word_1_239' title='bbox 698 2916 834 2977; x_wconf 88' lang='lat' dir='ltr'>militaris</span> <span class='ocrx_word' id='word_1_240' title='bbox 856 2917 945 2988; x_wconf 91' lang='lat' dir='ltr'>artis,</span> <span class='ocrx_word' id='word_1_241' title='bbox 968 2918 1108 2994; x_wconf 88' lang='lat' dir='ltr'>propior·</span> 
     </span>
     <span class='ocr_line' id='line_1_33' title="bbox 129 2998 1110 3076; baseline 0.003 -16"><span class='ocrx_word' id='word_1_242' title='bbox 129 3014 192 3074; x_wconf 89' lang='lat' dir='ltr'>que</span> <span class='ocrx_word' id='word_1_243' title='bbox 215 2998 428 3076; x_wconf 82' lang='lat' dir='ltr'>gladiatorium</span> <span class='ocrx_word' id='word_1_244' title='bbox 452 3014 604 3059; x_wconf 87' lang='lat' dir='ltr'>armorum</span> <span class='ocrx_word' id='word_1_245' title='bbox 628 3013 729 3059; x_wconf 89' lang='lat' dir='ltr'>usum.</span> <span class='ocrx_word' id='word_1_246' title='bbox 768 3014 836 3058; x_wconf 89' lang='lat' dir='ltr'>curn</span> <span class='ocrx_word' id='word_1_247' title='bbox 862 3000 938 3060; x_wconf 87' lang='lat' dir='ltr'>alios</span> <span class='ocrx_word' id='word_1_248' title='bbox 961 3001 1110 3066; x_wconf 88' lang='lat' dir='ltr'>decursus</span> 
     </span>
     <span class='ocr_line' id='line_1_34' title="bbox 127 3082 1109 3161; baseline 0.003 -18"><span class='ocrx_word' id='word_1_249' title='bbox 127 3082 298 3146; x_wconf 89' lang='lat' dir='ltr'>edidissent</span> <span class='ocrx_word' id='word_1_250' title='bbox 308 3089 419 3158; x_wconf 88' lang='lat' dir='ltr'>motus,</span> <span class='ocrx_word' id='word_1_251' title='bbox 435 3082 585 3158; x_wconf 86' lang='lat' dir='ltr'>quadrato</span> <span class='ocrx_word' id='word_1_252' title='bbox 600 3082 721 3157; x_wconf 87' lang='lat' dir='ltr'>agmine</span> <span class='ocrx_word' id='word_1_253' title='bbox 735 3083 826 3157; x_wconf 87' lang='lat' dir='ltr'>lacto,</span> <span class='ocrx_word' id='word_1_254' title='bbox 841 3082 935 3145; x_wconf 87' lang='lat' dir='ltr'>scutis</span> <span class='ocrx_word' id='word_1_255' title='bbox 950 3101 1046 3161; x_wconf 90' lang='lat' dir='ltr'>super</span> <span class='ocrx_word' id='word_1_256' title='bbox 1061 3103 1109 3147; x_wconf 90' lang='lat' dir='ltr'>ca·</span> 
     </span>
     <span class='ocr_line' id='line_1_35' title="bbox 126 3165 1109 3244; baseline 0.005 -18"><span class='ocrx_word' id='word_1_257' title='bbox 126 3165 191 3241; x_wconf 88' lang='lat' dir='ltr'>pita</span> <span class='ocrx_word' id='word_1_258' title='bbox 206 3167 359 3243; x_wconf 86' lang='lat' dir='ltr'>densatis,</span> <span class='ocrx_word' id='word_1_259' title='bbox 369 3167 520 3229; x_wconf 89' lang='lat' dir='ltr'>stantibus</span> <span class='ocrx_word' id='word_1_260' title='bbox 536 3166 658 3243; x_wconf 90' lang='lat' dir='ltr'>primis,</span> <span class='ocrx_word' id='word_1_261' title='bbox 679 3165 824 3227; x_wconf 87' lang='lat' dir='ltr'>secundis</span> <span class='ocrx_word' id='word_1_262' title='bbox 839 3170 1109 3244; x_wconf 85' lang='lat' dir='ltr'>summissioribus,</span> 
     </span>
     <span class='ocr_line' id='line_1_36' title="bbox 126 3249 1109 3328; baseline 0.001 -17"><span class='ocrx_word' id='word_1_263' title='bbox 126 3250 223 3312; x_wconf 87' lang='lat' dir='ltr'>tertiis</span> <span class='ocrx_word' id='word_1_264' title='bbox 239 3252 337 3328; x_wconf 86' lang='lat' dir='ltr'>magis</span> <span class='ocrx_word' id='word_1_265' title='bbox 353 3259 382 3313; x_wconf 90' lang='lat' dir='ltr'>et</span> <span class='ocrx_word' id='word_1_266' title='bbox 398 3249 523 3328; x_wconf 89' lang='lat' dir='ltr'>quartis,</span> <span class='ocrx_word' id='word_1_267' title='bbox 539 3249 705 3328; x_wconf 87' lang='lat' dir='ltr'>postremis</span> <span class='ocrx_word' id='word_1_268' title='bbox 721 3249 812 3313; x_wconf 83' lang='lat' dir='ltr'>ettam</span> <span class='ocrx_word' id='word_1_269' title='bbox 825 3266 906 3327; x_wconf 88' lang='lat' dir='ltr'>genu</span> <span class='ocrx_word' id='word_1_270' title='bbox 920 3254 1010 3327; x_wconf 90' lang='lat' dir='ltr'>nixis,</span> <span class='ocrx_word' id='word_1_271' title='bbox 1026 3253 1109 3314; x_wconf 87' lang='lat' dir='ltr'>lasti·</span> 
     </span>
     <span class='ocr_line' id='line_1_37' title="bbox 126 3334 1109 3410; baseline -0.003 -16"><span class='ocrx_word' id='word_1_272' title='bbox 126 3341 236 3410; x_wconf 84' lang='lat' dir='ltr'>gaiam,</span> <span class='ocrx_word' id='word_1_273' title='bbox 249 3336 418 3405; x_wconf 90' lang='lat' dir='ltr'>sicuttecta</span> <span class='ocrx_word' id='word_1_274' title='bbox 430 3335 640 3398; x_wconf 87' lang='lat' dir='ltr'>aedificiorum</span> <span class='ocrx_word' id='word_1_275' title='bbox 652 3341 732 3410; x_wconf 76' lang='lat' dir='ltr'>sunt,</span> <span class='ocrx_word' id='word_1_276' title='bbox 747 3334 933 3398; x_wconf 85' lang='lat' dir='ltr'>testudinem</span> <span class='ocrx_word' id='word_1_277' title='bbox 948 3335 1109 3395; x_wconf 86' lang='lat' dir='ltr'>iaciebant.</span> 
     </span>
     <span class='ocr_line' id='line_1_38' title="bbox 126 3415 1109 3496; baseline 0.001 -20"><span class='ocrx_word' id='word_1_278' title='bbox 126 3415 198 3480; x_wconf 87' lang='lat' dir='ltr'>hinc</span> <span class='ocrx_word' id='word_1_279' title='bbox 214 3420 434 3496; x_wconf 88' lang='lat' dir='ltr'>quinquaginta</span> <span class='ocrx_word' id='word_1_280' title='bbox 448 3421 543 3480; x_wconf 85' lang='lat' dir='ltr'>tenne</span> <span class='ocrx_word' id='word_1_281' title='bbox 558 3422 671 3496; x_wconf 89' lang='lat' dir='ltr'>pedum</span> <span class='ocrx_word' id='word_1_282' title='bbox 685 3420 786 3495; x_wconf 89' lang='lat' dir='ltr'>spatio</span> <span class='ocrx_word' id='word_1_283' title='bbox 810 3420 959 3481; x_wconf 84' lang='lat' dir='ltr'>distantes</span> <span class='ocrx_word' id='word_1_284' title='bbox 981 3418 1042 3476; x_wconf 89' lang='lat' dir='ltr'>duo</span> <span class='ocrx_word' id='word_1_285' title='bbox 1063 3432 1109 3477; x_wconf 89' lang='lat' dir='ltr'>ar·</span> 
     </span>
     <span class='ocr_line' id='line_1_39' title="bbox 128 3498 1109 3580; baseline -0.001 -21"><span class='ocrx_word' id='word_1_286' title='bbox 128 3503 198 3561; x_wconf 89' lang='lat' dir='ltr'>mati</span> <span class='ocrx_word' id='word_1_287' title='bbox 212 3503 443 3578; x_wconf 82' lang='lat' dir='ltr'>procurrebant,</span> <span class='ocrx_word' id='word_1_288' title='bbox 457 3502 693 3580; x_wconf 83' lang='lat' dir='ltr'>comminatique</span> <span class='ocrx_word' id='word_1_289' title='bbox 707 3504 786 3563; x_wconf 89' lang='lat' dir='ltr'>inter</span> <span class='ocrx_word' id='word_1_290' title='bbox 798 3519 842 3576; x_wconf 90' lang='lat' dir='ltr'>se,</span> <span class='ocrx_word' id='word_1_291' title='bbox 858 3501 896 3560; x_wconf 91' lang='lat' dir='ltr'>ab</span> <span class='ocrx_word' id='word_1_292' title='bbox 907 3500 967 3558; x_wconf 87' lang='lat' dir='ltr'>ima</span> <span class='ocrx_word' id='word_1_293' title='bbox 982 3498 1013 3556; x_wconf 92' lang='lat' dir='ltr'>in</span> <span class='ocrx_word' id='word_1_294' title='bbox 1028 3513 1109 3558; x_wconf 87' lang='lat' dir='ltr'>sum-</span> 
     </span>
    </p>
   </div>
   <div class='ocr_carea' id='block_1_7' title="bbox 0 0 1326 4017">
    <p class='ocr_par' dir='ltr' id='par_1_8' title="bbox 0 0 1326 4017">
     <span class='ocr_line' id='line_1_40' title="bbox 0 0 1326 4017; baseline 0 0"><span class='ocrx_word' id='word_1_295' title='bbox 0 0 1326 4017; x_wconf 95' lang='lat' dir='ltr'> </span> 
     </span>
    </p>
   </div>
  </div>
 </body>
</html>
