2642 4017
234 255 276 319 88
444 252 559 312 LIBER
572 252 633 312 XL.
656 251 738 311 CAP.
752 261 795 314 to.
819 259 854 326 [a.
868 258 925 313 U.o
950 259 1012 325 572]

231 409 312 481 lium,
328 405 385 467 sed
400 405 484 465 varia
495 404 615 464 fortuna
626 411 699 464 erat.
723 404 843 480 egregie
856 404 1003 480 legiones,
1017 420 1076 466 nec
1087 408 1214 482 segnius

123 530 126 536 2
232 493 312 552 duae
325 490 393 549 alae
406 488 600 563 pugnabantz
623 495 751 547 externa
764 484 879 548 auxilia
891 488 930 547 ab
944 487 1035 549 simili
1050 499 1212 564 armatura,

231 575 356 635 meliore
370 572 558 648 aliquantum
569 568 695 631 militum
705 585 819 645 genere
830 571 1025 647 urgebantur,
1040 588 1098 633 neo
1111 575 1214 635 locum
1309 578 1310 613 ³

232 657 308 718 tueri
323 660 474 731 poterant.
496 653 636 714 celtiberi
650 654 704 714 ubi
715 653 853 715 ordinata
867 655 934 716 acie
945 661 976 715 et
985 655 1082 730 signis
1094 659 1214 720 collatis

231 757 266 801 se
281 756 342 801 non
357 754 430 800 osse
445 752 536 813 pares
551 737 723 811 legionibus
738 746 909 812 senserunt,
925 753 1023 800 cuneo
1034 737 1213 815 impressio·

231 840 300 884 nem
315 824 467 889 lecerunt;
489 836 550 896 quo
565 825 682 881 tantum
696 821 797 881 valent
810 836 923 895 genere
937 838 1068 898 pugnae,
1087 831 1122 885 ut
1137 841 1212 899 qua·

231 921 363 982 ctimque
383 911 469 980 parte
489 905 648 979 perculere
668 906 782 981 impetu
797 921 870 978 suo,
890 904 1035 968 sustineri
1049 915 1213 984 nequeant.

230 999 303 1051 tnnc
329 1002 455 1064 quoque
481 986 620 1049 turbatae
644 988 783 1063 legiones
808 995 893 1064 sunt,
922 1004 1021 1066 prope
1045 990 1215 1067 interrupta

116 1082 122 1092 ·
232 1072 326 1134 acies.
357 1086 447 1146 quam
469 1070 704 1146 trepidationem
718 1071 770 1132 ubi
784 1073 913 1134 Flaccus
928 1075 1105 1149 conspexit,
1130 1091 1215 1150 equo

231 1153 391 1216 advehitur
405 1154 444 1214 ad
459 1154 644 1229 legionarios
659 1155 789 1230 equites,
804 1162 835 1216 et
848 1156 979 1231 „ecquid
994 1157 1098 1217 auxilii
1112 1159 1143 1217 in
1159 1175 1213 1220 vo-

230 1240 279 1299 bis
294 1245 362 1299 estt
382 1244 483 1298 actum
502 1238 563 1297 iam
583 1237 622 1296 de
636 1236 696 1298 hoo
711 1239 848 1300 exercitu
863 1240 959 1300 eritt“
987 1255 1057 1301 oum
1076 1241 1215 1318 undique
1261 1258 1264 1262 ·

231 1322 468 1397 acclamassent,
490 1321 563 1396 quin
581 1320 702 1396 ederet,
724 1323 798 1397 quid
813 1323 878 1382 lieri
895 1323 980 1399 velit,
1002 1340 1063 1385 non
1078 1326 1216 1400 segniter

231 1405 389 1482 imperium
405 1410 623 1473 exsecuturosr
651 1405 827 1481 „duplicate
841 1412 975 1467 turmas“
989 1407 1101 1483 inquit,
1117 1409 1211 1482 „dua-

232 1506 297 1550 rum
311 1489 465 1565 legionum
480 1489 614 1564 equites,
633 1494 664 1547 et
677 1489 839 1565 permittite
853 1506 953 1565 equos
967 1491 997 1550 in
1012 1506 1143 1552 cuneum
1157 1493 1213 1554 ho-

231 1574 331 1648 stium,
347 1590 409 1648 quo
423 1579 547 1632 nostros
561 1579 680 1646 urgent.
700 1573 732 1632 id
747 1589 814 1634 cum
829 1574 945 1634 maiore
956 1575 987 1634 vi
1001 1590 1152 1650 equorum
1168 1578 1204 1637 la·

232 1655 334 1726 cletis,
356 1656 384 1716 si
401 1655 567 1717 effrenatos
589 1654 620 1715 in
635 1670 691 1717 eos
706 1673 806 1733 equos
820 1656 993 1728 immittitis;
1018 1660 1101 1734 quod
1117 1675 1213 1736 saepe
1309 1716 1310 1721 ,

230 1741 387 1800 Romanos
403 1739 521 1814 equites
536 1754 606 1799 cum
620 1755 731 1815 magna
746 1741 836 1801 laude
850 1740 964 1807 secisse
978 1757 1036 1802 sua
1046 1745 1214 1805 memoriae
1309 1742 1310 1763 ³

232 1822 385 1898 proditum
406 1827 484 1883 est.“
518 1822 600 1884 dicto
621 1833 805 1898 paruerunt,
827 1825 1035 1902 detractisque
1054 1826 1149 1886 irenis
1164 1827 1213 1889 bis

231 1908 309 1967 uluo
325 1906 464 1983 citroque
480 1922 549 1968 cuni
563 1921 674 1982 magna
689 1915 793 1983 strage
806 1908 949 1984 hostium,
964 1909 1100 1970 infractis
1116 1911 1211 1971 omni·

232 1990 288 2051 bus
303 1989 409 2065 hastis,
426 1996 680 2052 transomrernnt.
703 1991 854 2068 dissipato
869 2008 978 2066 cuneo,
995 1993 1025 2054 in
1042 2008 1103 2068 quo
1114 1995 1213 2055 omnis

231 2090 305 2150 spes
331 2075 443 2149 luerat,
470 2074 611 2135 Celtiberi
630 2073 786 2149 trepidare
807 2081 837 2134 et
856 2091 955 2152 prope
975 2075 1091 2138 omissa
1109 2093 1215 2154 pugna

231 2159 331 2219 locum
353 2160 444 2234 rugae
464 2156 710 2232 circumspicere.
745 2166 775 2219 et
794 2159 880 2219 alarii
905 2160 1024 2236 equites
1050 2169 1213 2237 postquam

230 2244 439 2304 Rornanorum
460 2243 597 2318 equitum
617 2246 679 2301 tam
696 2242 892 2303 memorabile
907 2244 1026 2305 lacinus
1041 2244 1162 2319 videre,
1185 2253 1215 2306 et

231 2325 290 2403 ipsi
311 2327 421 2389 virtue
441 2341 548 2387 eorum
569 2325 693 2385 accensi
713 2325 780 2385 sine
793 2325 885 2386 ullius
906 2326 1035 2404 imperio
1050 2328 1081 2388 in
1096 2337 1214 2403 pertur-

231 2411 320 2472 batos
345 2411 405 2471 iam
424 2410 532 2470 hostes
560 2423 659 2482 equos
680 2407 847 2471 immittunt.
882 2416 956 2471 tunc
977 2428 1051 2473 vero
1074 2412 1214 2474 Celdberi
1309 2412 1310 2435 ¹

232 2508 339 2555 omnes
353 2494 384 2553 in
399 2494 504 2567 lugam
515 2490 720 2567 effunduntur,
735 2498 766 2553 et
778 2493 944 2569 imperator
955 2497 1112 2557 Romanus
1127 2511 1213 2556 aver·

231 2593 285 2637 sos
299 2576 406 2637 hostes
418 2576 642 2650 contemplatus
654 2577 763 2637 aedem
773 2577 927 2639 Fortunae
939 2580 1075 2654 equestri
1085 2580 1213 2655 Iovique

231 2659 346 2733 optimo
362 2659 493 2720 maximo
504 2658 596 2720 ludos
607 2661 702 2721 vovit.
718 2661 887 2722 caeduntur
898 2661 1039 2724 celtiberi
1051 2680 1106 2739 per
1117 2670 1213 2724 totum

232 2742 342 2802 saltum
369 2742 510 2818 dissipati
530 2744 616 2818 luga.
653 2745 760 2805 decem
780 2753 811 2805 et
830 2754 948 2821 septem
973 2747 1055 2807 milia
1079 2746 1212 2809 hostium

232 2841 325 2886 caesa
339 2840 376 2885 eo
392 2827 442 2887 die
457 2827 625 2902 traduntur,
642 2830 704 2890 vivi
718 2828 799 2905 capti
815 2830 884 2905 plus
897 2836 1040 2905 quattuor
1050 2831 1140 2905 milia,
1158 2831 1213 2891 du·

232 2907 328 2970 centis
349 2913 542 2988 septuaginta
563 2920 680 2988 septem
703 2929 771 2973 curn
793 2912 889 2988 signis
910 2912 1103 2987 militaribus,
1124 2915 1213 2990 equis

232 3007 331 3068 prope
347 2995 428 3055 mille
442 3001 573 3057 eentum.
601 2998 693 3059 nullis
708 2997 817 3058 castris
832 3014 869 3058 eo
884 2997 935 3058 die
948 2999 1046 3058 victor
1059 2999 1212 3059 exercitus

233 3075 351 3138 mansit.
380 3078 508 3140 victoria
528 3095 589 3140 non
612 3080 678 3143 sine
700 3083 815 3143 iactura
837 3082 961 3141 militum
976 3081 1046 3142 inita
1068 3080 1212 3158 quadrin-

232 3160 314 3234 genti
334 3163 528 3237 septuaginta
548 3167 610 3225 duo
630 3166 741 3227 milites
761 3165 905 3241 Romani,
926 3167 1045 3226 socium
1065 3182 1102 3225 ac
1115 3164 1213 3226 Latini

233 3244 363 3304 nominis
378 3245 459 3306 mille
473 3247 579 3307 decem
595 3255 625 3308 et
638 3265 759 3325 novem,
775 3265 844 3310 cum
857 3247 905 3309 his
919 3249 976 3310 tria
990 3249 1072 3310 milia
1086 3250 1212 3309 militum

233 3327 460 3389 auxiliariorum
489 3332 653 3405 perierunt.
688 3330 730 3392 ita
757 3332 857 3394 victor
884 3334 1037 3395 exercitus
1065 3340 1212 3392 renovata

233 3412 336 3488 priore
355 3411 452 3487 gloria
465 3415 669 3475 Tarraconem
687 3422 735 3483 est
749 3418 925 3492 perductus.
959 3417 1091 3477 venienti
1104 3415 1212 3477 Fulvio

231 3492 275 3556 ri.
292 3496 494 3568 Sempronius
509 3506 647 3575 praetor,
670 3500 722 3575 qui
735 3500 830 3561 biduo
846 3508 916 3562 ante
930 3508 1071 3568 venerat,
1090 3499 1210 3560 obviam
