2642 4017
316 258 432 319 LtBER
445 259 507 319 XL.
530 260 612 320 cnP.
627 268 671 322 44.
686 268 729 323 44.
741 270 785 323 44.
808 269 844 335 [a.
858 269 890 321 c.
906 268 968 337 reo]
1085 262 1126 329 til

141 425 303 471 sacrorum
330 409 363 484 Q.
387 408 521 470 Marcius
545 409 704 486 Philippus
732 411 762 470 44
788 410 927 472 44444444
954 411 1055 474 locum
1080 413 1126 477 on

141 501 316 569 cooptatus.
346 501 378 554 et
398 508 496 568 augur
517 492 571 568 Sp.
584 492 760 556 Postumius
774 493 903 556 Albinus
925 494 1075 556 decessit=
1095 499 1126 559 iu

139 578 245 638 locum
269 576 336 637 eius
356 575 388 635 P.
411 575 600 652 Scipionem,
623 576 719 639 lilium
739 576 889 653 Africani,
913 593 1047 654 augures
1074 597 1125 643 co·

140 668 297 735 optarunt.

227 743 369 805 Cumanis
390 759 428 804 eo
443 760 523 806 anno
544 744 718 818 petentibus
733 746 932 820 permissum,
955 751 989 806 ut
1002 746 1125 822 publico

137 827 249 889 Latine
275 829 475 903 loquerentur
494 835 524 888 et
546 829 750 901 praeconibus
774 828 880 890 Latine
901 830 1056 891 vendendi
1076 828 1125 892 ius

138 917 235 972 esset.
257 910 359 971 XLIII.
383 909 502 972 Pisanis
518 927 624 986 agrum
639 912 863 986 pollicentibus,
872 928 943 989 -quo
954 911 1060 974 14444
1074 928 1123 976 co·

136 994 225 1056 ionia
236 994 447 1067 deduceretur,
460 995 576 1071 gratiam
586 994 625 1055 ab
637 1002 746 1055 senatu
757 1003 861 1065 444444
876 995 1024 1057 4444444444
1032 998 1125 1058 creati

137 1079 181 1138 ad
197 1094 266 1138 eam
279 1093 344 1137 rem
359 1077 394 1153 Q.
408 1077 521 1139 Fabius
537 1080 634 1139 Buteo
649 1078 689 1138 Μ.
704 1086 735 1139 44
748 1078 779 1137 P.
794 1077 914 1154 Popillii
929 1079 1090 1141 Laenates.
1106 1097 1125 1141 4

137 1161 171 1222 0.
188 1159 310 1221 Μ44444
325 1168 477 1237 praetore,
492 1163 541 1223 cui
557 1160 715 1238 provincia
726 1161 868 1223 Sardinia
879 1179 947 1223 cum
959 1163 1123 1240 evenisset,

137 1245 279 1305 additum
300 1253 380 1320 erat,
401 1253 435 1306 ut
455 1253 617 1321 quaereret
630 1246 670 1306 dc
683 1247 842 1308 venaliciis
857 1246 979 1322 longius
993 1249 1033 1308 ab
1048 1249 1125 1310 urbe

135 1329 250 1389 decem
264 1328 386 1390 milibus
401 1344 559 1406 passuum,
575 1329 692 1391 litterae
706 1330 835 1404 adlatae,
851 1345 887 1391 44
901 1328 963 1391 iam
975 1329 1034 1390 tria
1043 1332 1124 1393 milia

135 1412 298 1472 hominum
318 1413 497 1488 damnasse,
519 1420 550 1475 44
570 1428 711 1475 mescone
732 1412 791 1474 sibi
813 1413 1026 1488 quaestionem
1046 1413 1123 1474 indi·

136 1496 213 1556 44444
242 1502 294 1556 aut
314 1512 382 1561 eam
404 1496 464 1558 sibi
482 1513 555 1558 esse
574 1496 777 1558 deserendam
797 1504 851 1557 aut
869 1497 1057 1571 provinciam
1078 1495 1124 1557 di·

135 1577 327 1640 mittendam.

227 1662 261 1736 Q.
275 1663 400 1725 Fulvius
420 1665 552 1726 Flaccus
572 1678 611 1723 ex
631 1662 781 1738 Hispania
801 1663 892 1723 rediit
905 1662 1032 1727 Romam
1052 1679 1119 1725 cum

134 1762 251 1821 magna
264 1749 344 1808 lama
354 1757 509 1822 gestarum
519 1763 638 1816 rerunia
662 1746 715 1822 qul
726 1763 795 1809 cum
806 1753 893 1809 extra
904 1747 1009 1809 urbem
1020 1747 1119 1809 utum·

136 1830 194 1907 phi
216 1845 311 1892 causa
331 1840 429 1905 esset,
452 1833 561 1894 consul
583 1838 629 1891 est
650 1846 771 1893 creatus
793 1846 861 1891 cum
874 1831 909 1890 L.
923 1830 1037 1891 Manlio
1050 1831 1119 1891 Aci·

10 1988 15 1995 ι
136 1914 228 1989 dinc,
251 1922 366 1991 etpost
380 1931 498 1990 paucos
513 1915 580 1976 dies
596 1930 665 1975 oum
680 1914 839 1988 militibus,
854 1930 933 1989 quos
949 1929 1054 1975 secum
1069 1914 1122 1975 de·

138 1998 278 2073 duxerat,
292 1999 483 2075 triumphans
500 2000 605 2061 urbem
620 2005 670 2059 est
683 1998 830 2059 invectus.
851 1997 917 2059 tulit
927 1997 957 2056 44
969 1995 1120 2071 triumpho

138 2096 273 2143 coronas
295 2099 405 2145 aureas
420 2091 542 2146 centurn
563 2082 668 2157 viginti
690 2089 848 2158 quatuor:
876 2086 1037 2156 praeterea
1056 2079 1122 2140 auri

139 2165 246 2240 pondo
259 2166 381 2241 triginta
394 2184 497 2243 unum,
512 2174 542 2228 et
552 2167 662 2242 signati
675 2165 822 2228 04444444
833 2178 988 2227 nummum
1000 2170 1120 2223 centum

137 2250 333 2325 septuaginta
346 2251 404 2311 tria
420 2252 502 2312 milia
516 2253 677 2312 ducentos.
699 2248 844 2313 militibus
857 2248 897 2309 dc
908 2246 1024 2322 praeda
1035 2246 1121 2323 quin-

138 2346 301 2409 quagenos
322 2334 467 2397 denarios
488 2334 588 2434 dedit,
612 2335 729 2409 duplex
747 2329 991 2431 4444444οηί4444,
1012 2330 1120 2406 triplex

135 2417 248 2492 equiti,
272 2419 449 2480 tantundem
475 2417 569 2480 sociis
588 2418 687 2479 Latini
709 2415 857 2489 nominis,
882 2422 913 2475 et
933 2413 1118 2489 stipendium

136 2500 280 2562 omnibus
297 2501 421 2578 duplex

221 2585 324 2645 XLIV.
347 2586 393 2646 Eo
413 2601 494 2647 anno
510 2583 629 2659 rogatio
644 2546 776 2660 primurn
790 2585 851 2645 lata
865 2591 913 2644 est
926 2580 1012 2641 abb.
1028 2579 1119 2641 Villio

135 2668 260 2730 tribuno
276 2669 385 2745 plebis,
401 2676 477 2745 quot
491 2685 590 2730 annos
603 2669 667 2729 nati
680 2682 835 2744 quemque
846 2664 1055 2742 magistratum
1067 2678 1120 2738 pe·

136 2759 236 2813 terent
257 2760 473 2830 cuperentque.
504 2752 576 2812 inde
592 2767 762 2827 cognomen
781 2749 913 2810 familiae
927 2748 1069 2823 indibrm,
1089 2752 1122 2807 ut

135 2836 273 2896 Annales
299 2839 535 2913 appellarentur.
568 2843 727 2911 praetores
751 2840 895 2910 quattuor
916 2839 988 2908 post
1006 2833 1120 2892 multos

136 2934 236 2980 annos
255 2921 323 2996 lege
336 2919 452 2982 Baebia
466 2920 568 2992 creati,
585 2935 666 2996 quae
679 2918 803 2979 alternis
819 2923 986 2991 quaternos
997 2914 1121 2976 iubebat

136 3002 244 3063 creari.
266 3003 298 3064 bi
312 3005 384 3065 iacti
399 3004 452 3065 cn.
469 3003 626 3065 Cornelius
644 3001 749 3076 Scipio
766 3000 798 3062 c
809 2997 954 3060 Valerius
964 2996 1118 3059 Laevinus

135 3086 170 3160 t).
187 3086 262 3148 etP
273 3087 410 3163 MuciiQ
421 3089 454 3149 F.
468 3087 645 3148 Scaevolae
668 3086 702 3161 0
714 3083 820 3146 Fulvio
836 3083 910 3144 etb.
921 3083 1120 3151 Manlioeon·

135 3169 258 3232 sulibus
273 3172 381 3232 eadem
397 3172 563 3247 provincia,
579 3187 659 3268 quae
675 3166 894 3266 superioribus,
910 3168 976 3243 pari
992 3179 1118 3229 numero

136 3252 247 3329 copiae
266 3256 402 3330 peditum
422 3256 573 3332 equitum,
595 3254 708 3316 civium
728 3253 885 3314 sociorum
905 3252 1058 3312 decretae
1086 3247 1118 3309 44

133 3338 292 3413 Hispaniis
314 3340 435 3401 duabus
455 3340 497 3400 Ti.
513 3337 695 3414 Sempronio
717 3338 793 3400 etL
808 3335 964 3397 Postumio
981 3349 1051 3393 cum
1065 3329 1118 3391 iis-

135 3421 205 3481 dem
227 3423 427 3497 exercitibus,
455 3439 535 3499 quos
555 3423 717 3496 baberent,
739 3427 936 3514 prorogatum
956 3413 1118 3512 imperium

135 3512 200 3574 est;
226 3508 284 3565 44
276 3524 307 3566 m
330 3509 574 3583 supplementum
596 3507 742 3567 consules
763 3501 923 3566 scribere
915 3498 992 3559 russi
1007 3497 1047 3557 ad
1061 3497 1117 3559 tria
