2642 4017
220 352 222 355 ¹
256 271 299 334 oe
432 271 547 331 amun
560 271 621 331 xc.
644 271 842 334 chalam
865 275 1057 344 [sonora]

258 437 438 500 oppugnare
462 422 577 484 institit.
613 420 761 499 oppidani
785 421 915 498 primum
941 420 1087 498 impeturn
1106 421 1239 483 hosium

257 508 483 575 sustinuerunt;
505 505 618 566 deinde
633 506 776 565 numiam
790 520 852 566 non
867 505 960 566 armis
974 506 1066 566 modo
1078 505 1136 566 sed
1150 506 1239 567 etiam

258 589 404 666 operibus
425 596 692 665 oppugnarentur,
715 589 808 649 dillisi
823 589 977 665 praesidio
992 589 1077 649 urbis
1092 589 1123 648 in
1138 604 1241 649 arcem

257 673 393 735 universi
408 678 645 734 concesseruntz
675 679 832 747 postremo
848 681 878 732 et
891 672 963 732 inde
977 672 1155 748 praemissis
1171 687 1240 733 ora·

256 755 375 819 loribus
396 756 426 816 in
448 755 600 817 dicionem
621 771 656 816 se
678 770 798 831 suaque
813 756 914 816 omnia
928 754 1076 816 Romanis
1091 757 1240 830 permise-

258 847 337 901 runt
366 854 478 915 magna
492 839 564 900 inde
578 840 694 914 praede
711 841 793 900 lacta
806 845 863 901 est.
892 837 978 900 multi
993 838 1105 915 captivi
1120 837 1240 900 nobiles

256 925 286 984 in
306 929 489 1000 potestatem
509 929 672 998 venerunt,
693 924 771 983 inter
792 937 872 998 quos
890 929 920 982 et
932 922 1039 983 Thurri
1059 919 1114 982 filii
1128 922 1190 983 duo
1209 930 1241 984 et

256 1008 329 1068 filio
350 1008 475 1081 regulus
489 1005 539 1067 hic
554 1022 659 1068 earum
673 1004 808 1081 gentium
818 1012 891 1079 erat,
905 1007 998 1081 longe
1009 1005 1239 1081 potentissimus

257 1089 390 1150 omnium
410 1090 626 1165 Hispanorum.
659 1089 763 1150 audita
783 1105 909 1150 suorum
933 1089 1035 1163 clade,
1060 1089 1164 1149 missis
1186 1087 1240 1164 qui

257 1173 350 1234 fidem
370 1171 504 1235 venienti
519 1174 549 1233 in
564 1179 667 1234 castro
681 1174 721 1232 ad
735 1172 906 1234 Gracchum
919 1179 1072 1248 peterent,
1094 1172 1186 1232 venit.
1208 1179 1240 1234 et

258 1256 388 1332 primurn
414 1255 568 1332 quaesivit
592 1257 650 1318 suh
672 1272 752 1317 eone
773 1255 832 1317 sibi
856 1256 961 1318 liceret
981 1270 1017 1316 ac
1038 1255 1103 1316 suis
1124 1256 1238 1317 viuere.

142 1335 146 1341 ’
257 1356 326 1401 cum
347 1348 470 1415 praetor
482 1341 632 1401 victurum
646 1339 876 1416 respondisset,
899 1337 1052 1415 quaesivit
1065 1339 1188 1414 iterum,
1211 1340 1240 1398 si

257 1440 327 1485 cum
341 1424 486 1485 Romanis
500 1424 629 1486 militare
642 1422 757 1486 liceret
779 1423 811 1483 id
825 1439 950 1499 quoque
963 1422 1101 1484 Graccho
1115 1421 1239 1498 permit-

257 1515 346 1582 tente,
362 1512 516 1583 „sequar“
530 1507 628 1582 inquit
641 1523 719 1581 „vos
730 1507 881 1568 adversus
894 1512 1014 1567 veteres
1026 1506 1131 1567 socios
1141 1522 1239 1582 meos,

258 1592 402 1667 quoniam
423 1593 491 1653 illos
512 1592 551 1652 ad
565 1607 615 1652 me
626 1590 660 1629 **
673 1591 861 1667 suspicere.“
889 1595 1014 1651 secutus
1029 1595 1077 1650 est
1090 1589 1162 1649 inde
1174 1589 1238 1650 Ro-

257 1688 375 1749 manos,
390 1676 523 1751 sortique
538 1691 575 1735 ac
589 1675 673 1736 fideli
688 1691 784 1751 opero
793 1674 893 1735 multis
904 1673 982 1733 locis
993 1688 1058 1732 rem
1069 1673 1239 1733 Romanam

257 1757 380 1819 adiuvit.
414 1758 447 1817 L.
468 1757 619 1833 mgnum
633 1759 713 1834 inde,
730 1758 840 1819 nobilis
855 1764 887 1818 et
899 1762 1010 1833 potens
1024 1755 1149 1831 civitas,
1164 1756 1237 1817 alio·

257 1857 323 1901 rum
352 1841 434 1901 cirea
461 1844 645 1918 populorum
681 1843 818 1904 cladibus
855 1837 959 1902 territa
986 1846 1092 1915 portas
1119 1839 1239 1915 aperuit

259 1925 411 1986 Romanis.
1238 1939 1244 1946 ·

340 2009 416 2069 Eam
436 2009 622 2071 deditionem
647 2008 831 2083 oppidorum
851 2007 935 2068 haud
955 2021 1024 2067 curn
1044 2005 1107 2066 ilde
1127 2006 1237 2064 iactam
1316 2032 1317 2077 3

260 2093 383 2168 quidam
397 2100 539 2154 auctores
552 2098 637 2154 sunt:
660 2107 751 2166 equa
760 2091 887 2166 regiona
897 2089 1078 2151 abduxisset
1088 2087 1237 2164 legiones,

259 2180 412 2253 extemplo
427 2177 498 2236 inde
513 2176 707 2248 rebellatum,
725 2189 899 2249 magnoque
912 2189 982 2234 eum
996 2179 1105 2249 postes
1120 2172 1238 2247 proelio

259 2259 298 2319 ad
312 2267 446 2321 montem
459 2260 616 2321 Chaunum
633 2274 703 2319 cum
715 2256 871 2318 Celtiberis
886 2273 906 2317 a
918 2256 1016 2333 prima
1029 2258 1098 2316 luce
1111 2255 1151 2315 ad
1166 2270 1238 2315 sex·

269 2359 319 2403 arn
332 2344 438 2404 horam
454 2344 514 2419 dici
528 2342 625 2418 signis
639 2341 758 2403 collatis
772 2356 943 2418 pugnasse,
959 2342 1071 2402 multos
1085 2338 1239 2414 utrimque

259 2428 419 2498 cecidisse,
434 2441 492 2485 nec
502 2426 586 2486 aliud
599 2439 839 2501 magnopere-
849 2425 914 2485 iere
929 2425 1028 2497 victos
1047 2422 1240 2484 crederes-

258 2511 371 2570 iecisse
384 2511 558 2582 Romanos,
580 2508 640 2569 nisi
654 2515 688 2570 ut
707 2515 833 2584 postero
849 2507 900 2568 die
914 2505 1106 2569 lacessierint
1118 2505 1240 2581 proelio·

205 2624 208 2629 ·
257 2599 414 2652 manentes
436 2592 515 2651 intra
534 2592 661 2653 vallrmz
693 2593 795 2668 spolia
814 2607 871 2668 per
890 2598 987 2653 totum
1006 2590 1087 2652 diem
1106 2586 1237 2664 legisses

258 2676 345 2735 tertio
360 2674 409 2734 die
424 2674 542 2750 proelio
559 2676 674 2737 maiore
691 2676 798 2738 iterum
809 2682 987 2751 pugnatum,
1002 2682 1033 2736 et
1042 2681 1105 2736 tum
1117 2672 1239 2731 demum

257 2757 339 2818 haud
361 2758 452 2818 dubie
476 2759 574 2821 victos
597 2757 763 2822 celtiberos
785 2766 948 2825 castraoue
971 2774 1077 2822 eorum
1098 2761 1189 2831 capta
1208 2759 1240 2814 et

257 2839 377 2916 direpta
391 2858 472 2903 esse.
494 2843 674 2920 vigintiduo
688 2842 770 2906 milia
783 2843 918 2905 hostiurn
931 2858 969 2905 co
985 2843 1036 2903 die
1048 2856 1121 2902 esse
1136 2854 1239 2912 caesa,

257 2925 326 2999 plus
341 2931 495 2988 trecentos
516 2934 640 3005 captos,
660 2945 766 3005 parem
780 2930 845 2989 iere
860 2942 1010 3002 equorum
1025 2938 1193 2996 numerum,
1208 2927 1239 2981 et

257 3009 345 3082 signa
359 3009 498 3071 militaria
512 3014 707 3088 sepuiaginta
720 3011 792 3073 duo.
820 3011 893 3071 inde
907 3010 1105 3082 debellatum,
1120 3022 1238 3067 veram·

258 3108 318 3166 que
336 3108 453 3168 pacem,
469 3110 530 3171 non
544 3094 639 3172 fluxa,
653 3104 688 3157 ut
701 3101 780 3169 ante,
796 3094 859 3155 lide
874 3093 1042 3155 Celtiberos
1057 3090 1165 3157 luisse.
1185 3104 1238 3150 ec-
1316 3122 1317 3127 κ

257 3175 327 3235 dem
350 3184 466 3238 aestate
487 3184 518 3237 et
535 3179 569 3239 L.
589 3178 777 3241 Postumium
802 3178 832 3237 in
854 3176 1003 3253 Hispania
1026 3174 1170 3237 ulteriore
1189 3171 1238 3232 bis

257 3273 325 3318 cum
339 3261 490 3321 Vaccaeis
512 3262 634 3337 egregie
654 3277 811 3338 pugnasse
832 3261 987 3323 scribunta
1010 3259 1050 3320 ad
1071 3258 1192 3333 triginta
1208 3262 1239 3316 et

257 3342 393 3419 quinque
417 3344 499 3404 milia
521 3345 652 3406 hostium
678 3345 831 3406 occidisse
851 3353 882 3406 et
903 3350 1005 3407 castra
1028 3354 1238 3419 expugnasse.

259 3428 388 3503 propius
408 3444 482 3490 vero
501 3435 549 3489 est
562 3429 662 3490 serius
675 3429 705 3489 in
722 3428 910 3504 provinciam
925 3426 1124 3504 pervenisse,
1145 3439 1238 3500 quam

256 3518 289 3571 ut
303 3527 341 3571 ea
355 3517 470 3572 aestate
485 3511 615 3587 potuerit
627 3527 679 3572 res
693 3527 810 3588 gerere.
1316 3528 1317 3551 ³
