2642 4017
144 285 154 291 ’
236 312 256 374 a
394 312 510 373 arana
523 311 655 372 mmlx.
679 310 761 371 ono.
777 321 802 371 1.
813 319 839 370 n.
863 311 899 388 [a.
910 316 946 369 o.
958 332 983 373 ο.
995 315 1058 382 aas]
1096 316 1103 330 ·

237 468 322 543 perio
341 467 393 527 Cn.
408 466 512 528 Manlii
527 467 628 526 solute
641 479 679 523 ao
693 464 889 538 neglegenter
903 461 997 521 habiti
1012 468 1092 522 sunt.
1114 462 1220 539 itaque

236 550 379 627 asperius
395 551 488 625 paulo
503 549 560 609 iter
571 548 601 606 in
612 547 741 606 Thracia
751 553 782 618 et
792 544 986 610 exercitatior
996 544 1096 605 hostis
1108 562 1220 620 magna

237 635 324 694 clade
339 649 396 693 eos
412 631 581 707 castigavit.
604 626 635 690 in
646 621 809 704 Liguribus
825 629 928 689 omnia
940 636 1035 701 erant,
1053 630 1219 702 quaemili·

235 726 297 777 tem
312 717 494 788 excitarent,
510 715 581 774 loca
593 721 740 774 montana
753 713 919 787 tat-*aspera
936 728 1015 787 quae
1030 719 1061 773 et
1075 713 1153 788 ipsis
1169 728 1220 773 ca·

236 816 311 876 pera
332 799 419 859 labor
439 805 504 860 erat
524 804 608 859 etex
629 795 864 872 praeoccupatis
886 794 1009 855 deicere
1028 795 1166 866 hostem,
1189 804 1221 856 et

236 881 344 944 itinera
364 883 475 955 ardua,
501 886 644 955 angusta,
672 879 783 939 intesta
806 876 942 950 insidiis;
970 878 1068 939 hostis
1090 880 1168 940 levis
1190 886 1221 939 et

236 968 328 1026 velox
346 973 376 1025 et
390 965 582 1040 repentinus,
605 962 658 1039 qui
674 964 789 1023 nullum
802 978 934 1038 usquam
948 969 1083 1039 tempus,
1104 964 1220 1023 nullum

237 1052 338 1110 locum
354 1049 488 1123 quietum
502 1053 555 1108 aut
569 1063 712 1108 securum
726 1062 798 1107 asse
812 1046 942 1115 sineret;
964 1046 1153 1121 oppugnatio
1166 1062 1220 1105 ue·

239 1129 376 1193 cessaria
395 1130 578 1192 munitorum
593 1131 803 1205 castellorum,
824 1127 980 1191 laboriosa
994 1129 1083 1189 simul
1099 1127 1219 1204 pericu·

236 1216 381 1289 losaque;
404 1215 496 1290 inops
506 1216 601 1290 regio,
615 1230 695 1290 quae
709 1211 897 1290 parsimonia
907 1212 1089 1288 astringeret
1099 1213 1220 1284 milites,

237 1299 373 1375 praedae
391 1298 476 1359 haud
492 1300 618 1359 multum
633 1299 804 1375 praeberet.
837 1298 940 1372 itaque
953 1312 1016 1355 non
1031 1295 1093 1355 lixa
1107 1312 1218 1371 seque

236 1382 339 1456 batur,
360 1398 421 1443 non
443 1382 648 1443 iumentorum
669 1383 781 1457 longus
803 1382 880 1443 ordo
895 1396 1003 1456 agmen
1019 1379 1215 1441 extendebat.

236 1464 310 1525 nihil
325 1474 447 1540 praeter
457 1482 544 1527 arma
553 1472 584 1526 et
594 1465 679 1526 viros
692 1481 810 1526 omnem
823 1462 953 1541 spemin
965 1463 1058 1523 armis
1070 1462 1218 1523 habentes

237 1555 310 1609 erat
343 1565 400 1610 neo
422 1550 528 1611 deerat
548 1565 694 1625 umquam
715 1565 784 1609 cum
805 1550 843 1609 iis
862 1551 911 1609 vel
932 1545 1058 1609 materia
1078 1546 1149 1606 belli
1169 1547 1220 1605 vel

237 1647 347 1706 causa,
370 1633 441 1707 quia
461 1641 588 1711 propter
608 1634 808 1694 domesticam
830 1631 963 1708 inopiam
983 1629 1104 1691 meinos
1125 1644 1218 1704 agros

236 1716 443 1856 incursabant
476 1733 534 1778 nec
554 1725 655 1779 tamen
670 1717 702 1778 in
717 1716 881 1778 discrimen
896 1729 1033 1776 summae
1046 1730 1147 1774 rerum
1163 1728 1217 1788 pu·

236 1814 297 1874 gna
319 1806 396 1859 atur.

321 1883 358 1942 ll.
381 1882 412 1943 0.
423 1883 589 1945 Flaminius
605 1885 723 1958 consul,
738 1900 807 1944 oum
817 1881 1000 1943 Friniatibus
1010 1879 1173 1956 Liguribus
1188 1880 1218 1938 in

237 1983 312 2043 agro
334 1983 441 2028 eorum
460 1968 600 2043 pluribus
615 1966 742 2042 proeliis
756 1965 901 2026 secundis
916 1965 1021 2039 iactis,
1041 1964 1072 2023 in
1089 1962 1217 2023 deditio-

235 2067 306 2110 nem
321 2060 442 2124 gentem
456 2051 576 2124 aoceplt
590 2057 620 2110 et
633 2065 718 2109 arma
732 2049 852 2109 ademit.
881 2063 919 2107 aa
933 2048 1082 2123 quianon
1098 2045 1219 2106 sincera

236 2134 300 2193 fide
313 2131 482 2205 tradebant,
499 2148 568 2191 cum
583 2131 813 2206 castigarentur,
828 2131 942 2192 relictis
954 2131 1032 2191 vicis
1043 2130 1073 2190 in
1084 2135 1218 2190 montem

235 2215 391 2289 Auginum
401 2216 612 2290 profugerunt.
628 2215 788 2276 confestim
799 2223 925 2276 secutus
936 2216 1108 2276 estconsul.
1125 2212 1218 2272 ceteri

236 2296 329 2359 effusi
343 2314 462 2375 rursus,
477 2306 508 2359 et
521 2315 595 2375 pars
609 2297 743 2359 maxima
756 2296 898 2372 inermes,
915 2314 971 2374 per
984 2297 1067 2358 invia
1082 2304 1113 2358 at
1122 2312 1218 2371 rupes

237 2381 384 2458 deruptas
407 2382 646 2458 praecipitantes
669 2384 825 2457 fugerunt,
846 2398 909 2457 qua
928 2381 1017 2457 sequi
1037 2380 1138 2441 hostis
1155 2395 1218 2439 non

236 2472 354 2543 posset.
383 2465 426 2527 ita
445 2472 530 2527 trans
545 2467 740 2541 Apenninum
755 2464 903 2527 abierunt.
931 2465 985 2542 qui
1000 2466 1109 2524 castris
1125 2480 1161 2525 sa
1174 2470 1217 2523 te-

235 2557 373 2622 nueranl,
390 2546 587 2610 circumsessi
602 2557 633 2611 et
645 2550 811 2626 expugnati
825 2556 905 2609 sunt
927 2548 999 2610 iude
1013 2555 1099 2609 trans
1113 2550 1217 2622 Apen-

236 2629 341 2691 ninum
362 2630 471 2692 ductae
491 2632 639 2706 legiones.
671 2633 713 2693 ibi
727 2633 838 2693 montis
854 2647 945 2708 quem
960 2639 1106 2709 ceperant
1120 2631 1218 2691 altitu·

236 2711 308 2773 dine
323 2714 480 2790 paulisper
495 2730 531 2776 se
545 2715 640 2791 tutati,
654 2732 727 2777 mox
743 2717 774 2776 in
788 2716 972 2776 deditionem
987 2721 1217 2776 concesserunt.

236 2806 299 2858 tum
314 2797 487 2873 conquisita
506 2815 576 2859 curn
595 2799 755 2861 intentiore
776 2816 851 2860 cura
870 2814 970 2873 arma,
992 2804 1023 2858 et
1043 2800 1144 2858 omnia
1164 2797 1217 2857 ad·

237 2887 348 2955 empta.
381 2883 561 2942 translatum
581 2883 694 2943 deinde
715 2882 755 2942 ad
773 2885 924 2959 Apuanos
944 2880 1075 2957 Liguras
1094 2880 1216 2950 bellum,

237 2962 335 3039 quiin
351 2980 458 3040 agrum
468 2964 612 3026 Pisanum
621 2964 913 3042 Bononiensemque
924 2966 966 3026 ita
976 2966 1217 3037 incursaverant,
1317 2993 1318 3016 ι

235 3053 269 3108 ut
283 3047 342 3108 ooli
356 3063 418 3107 non
434 3055 551 3125 posset.
583 3048 632 3108 his
648 3065 774 3125 quoque
788 3047 969 3126 perdomitis
984 3048 1093 3110 consul
1108 3062 1217 3123 pacem

236 3130 321 3191 dedit
339 3130 484 3193 finitimis.
517 3137 547 3191 et
567 3133 639 3207 quia
652 3149 672 3193 a
685 3133 766 3193 bello
789 3133 892 3207 quieta
911 3141 945 3193 ut
959 3139 1044 3193 esset
1056 3130 1217 3208 provincia

235 3212 389 3287 effecerat,
406 3230 446 3275 ue
459 3213 490 3274 in
507 3214 570 3276 otio
584 3215 709 3276 militem
722 3216 856 3291 haberet,
871 3217 952 3277 viam
964 3233 983 3276 a
993 3215 1134 3276 Bononia
1146 3229 1215 3290 per-

236 3296 323 3357 duxit
336 3297 497 3359 Arretium.
531 3298 572 3358 Μ.
587 3300 736 3361 Aemilius
751 3302 827 3361 alter
843 3302 952 3363 consul
965 3315 1058 3375 agros
1072 3299 1217 3373 Ligurum

235 3380 402 3455 vicosque,
424 3382 476 3456 qui
490 3382 522 3442 lu
538 3382 654 3459 campis
669 3389 722 3443 aut
736 3384 869 3445 vallibus
883 3390 984 3457 erant,
1004 3381 1083 3459 ipsis
1098 3388 1217 3442 montes

235 3463 315 3526 duos
328 3464 475 3526 Balistam
489 3464 772 3542 Suismontiumque
784 3466 967 3541 tenentibus,
986 3465 1106 3527 deussit
1120 3466 1217 3539 depo·

234 3549 420 3624 pulatusque
434 3555 490 3611 est
524 3550 636 3611 deinde
650 3566 716 3625 eos,
735 3550 788 3626 qui
801 3550 833 3609 iu
847 3550 1000 3612 mandans
1014 3556 1111 3621 erant,
1126 3548 1216 3608 ador·
