2642 4017
286 268 405 331 LIBER
418 271 506 331 xlll.
529 272 612 332 cAP.
626 280 670 336 64·
684 282 729 336 65·
752 279 906 348 [nc-171]
1025 274 1088 341 leb

105 419 252 483 incendio
274 427 452 496 opportuna
472 434 559 495 esse,
587 422 672 482 taces
688 422 871 499 taedamque
885 431 916 485 et
929 425 1088 488 malleolos

107 512 241 581 stuppae
262 502 355 565 illitos
376 502 445 579 pice
464 504 567 579 pareri
586 502 687 575 iuben
713 512 806 581 atque
828 506 870 567 ita
883 508 984 569 media
997 517 1087 572 nocte

106 591 283 666 protectus,
303 594 336 648 ut
356 587 454 662 prima
472 589 541 648 luce
553 587 724 663 adgressus
741 590 867 651 luderet
887 591 1085 666 nequiquam.

107 673 227 750 primae
241 670 391 732 stadem
411 685 584 747 oppressae
602 673 733 734 mmultu
747 687 785 735 ac
802 679 918 736 terrore
932 690 991 735 suo
1007 681 1087 736 oete·

106 772 163 818 ros
182 754 408 829 excitaverunt,
432 754 617 830 signumque
639 755 744 817 datum
766 762 816 818 est
834 772 921 818 mma
933 761 1086 835 extemplo

109 836 271 915 capiendi3
292 837 446 913 sinuque
459 837 496 898 in·
506 838 596 910 vallo,
619 837 660 899 ad
674 846 796 914 portas,
817 840 906 900 miles
920 840 1086 904 instructus

107 929 184 984 erat
204 928 238 982 ct
251 918 286 959 **
300 921 541 997 oppugnationis
556 927 728 983 castrorum
741 921 874 984 Perseus
888 930 919 984 et
931 927 1086 1002 extemplo

108 1004 288 1081 circumegit
306 1006 420 1078 aciem,
441 1010 474 1064 et
492 1004 591 1080 prima
603 1004 821 1080 impedimenta
837 1005 890 1081 ire,
905 1007 1018 1068 deinde
1033 1024 1086 1085 pe-

108 1090 207 1151 ditum
229 1087 318 1163 signa
336 1086 410 1148 icrri
425 1087 525 1150 iussit
546 1088 616 1163 ipse
631 1104 700 1148 cum
715 1086 854 1165 equitatu
866 1096 897 1151 et
909 1090 971 1151 leti
987 1106 1084 1152 mma-

106 1181 178 1236 tura
190 1170 325 1234 substitit
337 1171 380 1232 ad
393 1186 503 1247 agmen
516 1171 699 1248 cogendum,
712 1179 807 1246 ratus,
823 1172 856 1234 id
870 1173 956 1248 quod
965 1175 1086 1251 accidit,

107 1257 305 1317 insecuturos
321 1255 363 1316 ad
375 1261 513 1317 exuema
526 1255 566 1315 ab
581 1261 668 1330 tergo
683 1256 839 1334 carpenda
851 1256 968 1318 hostes.
992 1256 1087 1319 bravo

107 1347 264 1401 onumen
282 1338 361 1400 loris
380 1345 551 1400 armaturae
576 1338 709 1400 menime
728 1354 798 1401 cunr
818 1341 1086 1415 procursatoribus

107 1423 180 1485 mitt
201 1422 322 1498 equites
336 1422 520 1498 peditesque
533 1421 601 1483 sine
614 1423 744 1484 tumultu
756 1422 789 1483 ln
804 1428 906 1483 castra
919 1422 1085 1484 redieruut

192 1506 349 1567 llanessis
372 1507 455 1568 circa
475 1505 632 1579 segetibus
644 1504 776 1567 Romani
789 1505 829 1566 ad
844 1505 1028 1567 cranonium
1042 1506 1086 1566 in·

107 1597 223 1653 tactum
240 1603 347 1663 agrtnn
368 1594 469 1650 castra
488 1595 621 1649 movent
649 1588 691 1648 ibi
712 1603 781 1648 cum
796 1586 899 1650 securi
912 1594 946 1649 et
960 1595 1086 1664 propter

107 1680 279 1736 castrorum
302 1672 553 1749 longinquitatem
573 1678 605 1732 et
625 1671 696 1731 viae
714 1671 817 1746 inopis
839 1687 988 1748 aquarum
1007 1672 1084 1733 diill-

108 1759 269 1830 culmem
294 1771 375 1832 quae
394 1755 474 1817 inter
493 1754 658 1834 Sycurium
680 1762 711 1816 et
732 1754 873 1817 &anona
893 1763 951 1831 est,
976 1757 1085 1818 stativs

107 1840 269 1914 baberent,
294 1846 422 1915 repente
444 1840 543 1915 prima
566 1840 635 1900 luce
658 1838 690 1898 in
712 1838 939 1902 imminentibus
963 1840 1085 1902 tumulis

106 1925 262 2001 equitatus
274 1921 380 1998 regius
397 1938 467 1984 cum
480 1921 541 1983 levi
554 1928 708 1984 amatura
717 1923 804 1984 visus
814 1923 967 1998 ingentem
976 1924 1086 1985 tumul·

106 2016 172 2069 tum
186 2007 268 2068 lecit
290 2006 389 2082 pridie
404 2021 461 2083 per
472 2003 631 2067 meridiem
645 2006 776 2082 proiecti
785 2006 826 2067 ab
836 2004 970 2084 Sycurio
982 2012 1084 2077 erant,

106 2091 245 2167 pediturn
261 2105 371 2164 agmen
387 2089 447 2151 sub
461 2090 531 2151 lucc
545 2089 735 2166 reliquerant
750 2089 780 2150 in
796 2090 937 2165 proxima
951 2088 1085 2165 planitie.

107 2172 193 2236 stetit
212 2172 372 2249 paulisper
384 2173 416 2233 in
431 2173 571 2248 tumulis,
592 2174 661 2234 elici
676 2189 774 2250 posse
786 2180 872 2235 ratus
888 2172 929 2233 ad
942 2178 1086 2247 equestre

107 2264 262 2318 certamen
275 2257 449 2327 Romanum
473 2256 526 2332 qui
541 2264 707 2333 postquam
721 2257 796 2318 nihil
810 2254 983 2331 movebant,
1000 2255 1085 2331 equi·

52 2402 58 2407 ,
106 2349 168 2402 tem
186 2340 274 2401 mittit
288 2341 341 2416 qni
357 2339 478 2416 pedites
491 2340 608 2401 referre
622 2341 664 2401 ad
676 2339 841 2419 Speculum
855 2340 945 2415 signa
957 2337 1085 2413 iuberet,

106 2426 177 2501 ipse
194 2439 270 2486 mox
289 2422 457 2486 insecutus.
491 2423 623 2485 Romani
643 2425 764 2499 equites
782 2424 905 2487 modico
926 2423 1086 2485 intervallo

105 2514 284 2584 sequentes,
299 2506 398 2569 sicubi
412 2522 542 2584 sparsos
556 2523 593 2569 ac
607 2508 778 2584 dissipatos
789 2507 936 2569 invadere
947 2515 1087 2583 possent,

106 2598 271 2668 postquam
283 2593 442 2654 walerios
457 2590 550 2667 abire,
572 2592 662 2667 signa
674 2599 770 2669 atque
783 2592 909 2655 ordines
925 2596 1086 2653 servantes

104 2675 256 2749 viderunt,
271 2674 375 2751 stipsi
389 2674 421 2736 in
436 2681 538 2736 matra
550 2675 690 2737 redeunt

190 2758 280 2818 LXV.
308 2759 383 2820 lado
407 2759 548 2820 offensus
576 2759 796 2835 longinquitate
822 2756 938 2819 itineris
963 2774 1020 2819 rex
1046 2756 1087 2817 ad

104 2840 279 2915 Mopselum
291 2843 512 2913 castramovit;
532 2847 563 2901 ct
572 2841 703 2903 Romani
714 2841 865 2903 demessis
877 2839 1025 2903 Cranonis
1036 2855 1086 2901 se

103 2923 226 2999 getibm
252 2923 283 2986 in
304 2926 532 2987 Phalannaeum
554 2939 662 2999 agrum
687 2931 854 2986 umseunt.
885 2921 927 2983 ibi
953 2938 1022 2984 cum
1046 2938 1086 2985 ex

103 3009 264 3084 masaga
285 3015 454 3085 cognosset
471 3023 528 3068 rex
540 3007 610 3069 sine
628 3008 693 3069 ullo
706 3013 824 3068 armato
845 3006 1001 3081 praesidio
1014 3022 1085 3081 pas·

102 3091 162 3152 sim
179 3099 326 3166 vagantes
338 3108 395 3168 per
408 3106 501 3168 agros
509 3091 669 3153 Romanos
683 3096 812 3164 metare,
828 3105 897 3150 cnm
907 3089 989 3150 mille
998 3089 1085 3165 equi·

102 3174 201 3249 tibus,
219 3175 342 3239 duobus
364 3174 650 3237 milibus-Thracum
671 3181 702 3236 et
715 3173 904 3235 Cretensium
918 3175 1084 3249 proiectus,

103 3273 174 3317 cum
188 3266 337 3334 quantum
350 3261 526 3322 amelerare
539 3256 776 3335 poterateiliuo
789 3257 910 3333 agruim
923 3256 1015 3330 isset,
1030 3256 1086 3314 im·

102 3340 232 3415 proviso
246 3343 417 3419 adgressus
431 3350 480 3404 est
492 3344 659 3404 Romanos
691 3339 794 3403 iuncta
806 3339 962 3413 vehicula,
984 3339 1081 3412 plera·

104 3438 167 3498 que
175 3431 302 3498 onusta,
314 3427 397 3488 mille
408 3426 575 3488 admodum
586 3425 762 3501 capiuntur,
774 3422 913 3487 sexcenti
923 3423 1019 3481 lerme
1029 3418 1087 3479 bo·

101 3506 212 3568 mines.
243 3509 391 3589 praedem
416 3508 649 3571 custodiendam
670 3507 906 3582 ducendamque
926 3503 956 3562 in
985 3508 1085 3562 castre
