2642 4017
251 235 293 300 48
362 237 478 297 LIBER
491 236 622 297 XXXIX.
645 234 728 297 cAP.
743 247 786 299 iri.
799 245 843 298 52.
855 243 898 298 53.
921 242 957 309 [a.
970 242 1007 295 U.
1019 259 1044 296 o.
1054 244 1118 311 569]

250 404 370 450 veneno
386 396 508 448 caveret
521 388 754 464 praedixerunt:
772 388 803 447 hi
816 388 946 463 legatum
957 388 1160 462 consularem,
1175 393 1229 464 qui

252 480 358 534 auctor
374 478 459 533 esset
470 471 597 533 Prusiae
612 487 668 547 per
682 473 783 532 scelus
800 471 960 532 occidendi
974 472 1121 548 hospitis,
1137 473 1229 534 mise-

245 562 351 617 runt.“
386 563 565 616 exsecratus
587 555 699 615 deinde
721 556 751 615 in
773 562 866 631 caput
884 571 1073 632 regnumque
1090 555 1228 633 Prusiae,

252 647 282 701 et
300 639 470 715 hospitales
490 639 568 700 deos
589 638 721 700 violatae
740 637 779 698 ab
800 654 838 698 eo
858 638 932 699 fidei
952 646 1046 700 testes
1067 640 1228 717 invocans,

252 726 395 799 poculum
411 722 561 782 exhausit.
592 721 643 781 hic
656 722 738 782 vitae
752 721 852 783 exitus
867 722 923 782 luit
934 722 1123 784 Hannibalis.

335 807 396 866 Lll.
419 805 594 880 Scipionem
605 813 635 865 et
644 804 791 881 Polybius
802 812 833 865 et
842 806 973 867 Rutilius
984 806 1045 867 hoc
1055 823 1136 868 anuo
1146 824 1228 870 mor-

251 899 334 953 tuum
349 889 493 951 scribunt.
522 904 580 963 ego
602 905 704 964 neque
723 888 772 948 his
794 905 894 964 neque
914 890 1039 954 Valerio
1060 890 1228 966 adsentior,

250 974 313 1047 his,
330 974 414 1048 quod
428 973 609 1032 censoribus
626 972 668 1032 M.
682 972 791 1032 Porcio
806 972 839 1032 L.
854 973 980 1034 Valerio
994 975 1164 1050 principem
1179 992 1229 1037 se-

251 1064 341 1118 natus
355 1058 388 1116 L.
402 1055 558 1117 Valerium
572 1055 675 1131 ipsum
695 1071 854 1117 censorem
874 1057 985 1118 lectum
1006 1058 1144 1133 invenio,
1160 1076 1230 1119 cum

251 1139 461 1216 superioribus
474 1139 572 1199 tribus
586 1140 689 1200 lustris
704 1140 866 1200 Africanus
877 1140 995 1217 luisset,
1011 1156 1073 1217 quo
1087 1141 1169 1216 vivo,
1184 1143 1230 1202 ni·

252 1223 279 1283 si
294 1231 326 1285 ut
339 1223 389 1283 ille
405 1229 514 1284 senatu
532 1230 719 1300 moveretur,
735 1239 827 1298 quam
842 1231 944 1285 notam
959 1240 1049 1284 nemo
1064 1226 1230 1286 memoriae

251 1307 400 1383 prodidit,
418 1306 495 1367 alius
511 1307 656 1383 princeps
677 1308 708 1367 in
729 1308 829 1368 locum
848 1308 914 1367 eius
940 1309 1038 1369 lectus
1053 1324 1113 1368 non
1134 1317 1229 1369 esset.

250 1390 402 1452 Antiatem
418 1396 571 1451 auctorem
582 1391 692 1451 refellit
702 1390 840 1451 tribuous
852 1390 950 1466 plebis
961 1392 1001 1451 M.
1014 1390 1156 1462 Naevius,
1174 1393 1227 1452 ad-

252 1490 362 1537 versus
378 1489 468 1549 quern
483 1474 579 1535 oratio
594 1475 740 1551 inscripta
753 1473 785 1533 P.
797 1473 933 1535 Africani
948 1481 1004 1535 est.
1034 1474 1083 1535 hic
1094 1476 1228 1537 Naevius

253 1559 283 1618 in
304 1559 535 1634 magistratuum
553 1557 638 1619 libris
660 1566 708 1619 est
727 1557 866 1619 tribunus
887 1557 986 1634 plebis
1000 1558 1032 1618 P.
1055 1558 1180 1620 Claudio
1196 1560 1228 1619 L.

252 1641 358 1703 Porcio
381 1641 575 1716 consulibus,
596 1643 652 1702 sed
674 1642 740 1703 iniit
758 1641 942 1703 tribunatum
962 1644 1022 1718 Ap.
1046 1643 1172 1703 Claudio
1186 1642 1228 1703 M.

253 1725 434 1800 Sempronio
450 1724 630 1787 oonsulibus
650 1734 721 1786 ante
748 1726 829 1786 diem
850 1734 990 1801 quartum
1012 1726 1081 1786 idus
1102 1727 1229 1787 Deccm-

253 1809 334 1870 brcs.
363 1809 435 1869 inde
455 1816 517 1869 tres
537 1825 660 1870 menses
680 1810 719 1870 ad
740 1808 809 1870 idus
829 1807 954 1870 Martias
969 1816 1054 1886 sunt,
1071 1811 1181 1885 quibos
1196 1811 1228 1869 P.

252 1893 396 1954 Claudius
407 1892 440 1951 L.
451 1892 577 1954 Porcius
594 1895 784 1955 consulatum
797 1893 938 1954 inierunt.
967 1894 1009 1955 ita
1019 1900 1053 1955 et
1070 1894 1185 1955 vixisse
1199 1894 1229 1953 in

253 1978 403 2039 tribunatu
418 1976 524 2036 Naevii
541 1977 672 2052 videtur,
689 1977 818 2053 diesque
837 1976 865 2049 ei
887 1977 947 2037 dici
968 1977 1007 2038 ab
1026 1993 1065 2039 eo
1081 1978 1229 2053 potuisse,

253 2061 428 2121 decessisse
442 2067 543 2121 autem
557 2067 627 2121 ante
640 2061 675 2120 L.
689 2060 804 2121 Valerii
819 2066 849 2121 ct
862 2061 903 2121 bl.
917 2061 1015 2122 Porcii
1030 2076 1200 2124 censuram.

335 2143 436 2204 Trium
457 2144 696 2205 clarissimorum
715 2160 792 2205 suae
812 2145 961 2220 cuiusque
979 2144 1079 2218 gentis
1095 2145 1228 2207 virorum

252 2243 312 2287 non
327 2234 464 2303 tempore
478 2228 575 2304 magis
594 2235 782 2305 congruente
803 2227 1018 2305 comparabilis
1038 2244 1122 2289 mors
1141 2229 1228 2289 vide·

147 2329 152 2342 ·
253 2318 300 2372 tur
313 2326 399 2387 esse,
415 2328 506 2388 quam
522 2313 607 2388 quod
621 2329 711 2374 nemo
724 2329 829 2374 eorum
840 2312 916 2374 satis
927 2312 1051 2388 dignum
1062 2313 1229 2389 splendore

250 2395 332 2456 vitae
354 2396 469 2457 exitum
488 2396 601 2458 habuit.
640 2397 702 2457 iam
722 2398 852 2473 primum
874 2412 981 2457 omnes
1003 2412 1065 2457 non
1080 2396 1110 2456 in
1131 2395 1228 2472 patrio

252 2483 319 2540 solo
334 2480 443 2540 mortui
458 2495 516 2537 nec
530 2481 643 2555 sepulti
657 2487 736 2541 sunt.
766 2496 885 2541 veneno
906 2480 1059 2556 absumpti
1080 2479 1229 2540 Hannibal

251 2570 281 2622 et
293 2563 528 2636 Philopoemen;
543 2565 633 2625 exsul
643 2564 809 2640 Hannibal,
825 2564 965 2640 proditus
980 2564 1018 2623 ab
1034 2565 1165 2639 hospite,
1181 2578 1230 2623 ca·

252 2653 322 2720 ptus
335 2644 553 2720 Philopoemen
572 2647 602 2706 in
627 2663 752 2708 carcere
777 2656 807 2709 et
830 2648 1018 2710 invinculis
1044 2645 1227 2723 exspiraviu

252 2727 356 2804 Scipio
378 2730 436 2789 etsi
456 2745 516 2790 non
535 2734 624 2791 exsul
646 2748 746 2809 neque
767 2732 943 2806 damnatus,
959 2732 1124 2793 dictamen
1139 2731 1228 2803 dicta,

252 2812 291 2871 ad
306 2828 398 2888 quam
413 2828 474 2873 non
489 2814 628 2876 adsuerat
641 2832 729 2889 reus,
750 2815 865 2876 absens
887 2816 1012 2891 citatus,
1029 2814 1228 2877 voluntarium

250 2911 314 2956 non
328 2896 451 2958 sibimet
468 2898 536 2973 ipsc
561 2900 660 2960 solum
685 2900 742 2961 sed
769 2899 857 2960 etiam
882 2899 980 2961 luoeri
1007 2914 1064 2960 suo
1088 2897 1229 2960 exsilium

251 2978 369 3040 indixit.

334 3064 409 3123 LIII.
428 3065 507 3127 Dum
523 3066 604 3126 eain
617 3065 848 3143 Peloponneso,
863 3083 883 3127 a
898 3066 1008 3141 quibus
1021 3065 1149 3127 devertit
1163 3079 1229 3125 ora·

250 3146 307 3221 tio,
322 3154 481 3224 geruntur,
495 3150 612 3211 reditus
626 3150 657 3209 in
672 3150 883 3212 Macedoniam
894 3150 1037 3211 Demetrii
1048 3149 1229 3225 legatorum·

252 3246 312 3306 que
327 3231 414 3292 aliter
427 3233 555 3294 aliorum
569 3234 726 3294 adfecerat
738 3236 868 3296 animos.
895 3237 1005 3310 vulgus
1016 3233 1228 3307 Macedonum,

252 3331 332 3390 quos
345 3315 417 3375 belli
432 3315 472 3375 ab
483 3317 629 3379 Romanis
644 3317 827 3380 imminentis
839 3327 940 3380 metus
953 3325 1108 3392 terruerat,
1123 3319 1230 3380 Deme·

251 3401 340 3460 trium
354 3406 387 3461 ut
400 3401 487 3476 pacis
503 3409 657 3463 auctorem
670 3417 738 3463 curn
749 3402 863 3479 ingenti
874 3404 981 3464 lavore
991 3400 1231 3479 conspiciebant,

251 3484 340 3545 simul
358 3492 388 3545 et
402 3501 459 3562 spe
479 3485 561 3546 haud
583 3485 676 3547 dubia
696 3502 824 3562 regnum
845 3486 872 3547 ei
896 3492 1115 3562 postmortem
1138 3485 1230 3561 patris
