2642 4017
184 259 300 320 LIBER
314 260 403 320 xlll.
424 260 506 321 GAP.
518 269 563 324 29.
576 269 621 323 30.
636 263 674 341 [a.
684 267 719 321 U.
731 285 756 325 c.
768 271 829 326 581.
840 286 864 322 ι.
878 270 911 323 C.
924 269 986 343 171]
1030 265 1092 330 153

193 411 298 472 Xlth.
319 411 352 471 P.
369 410 485 472 Licinio
498 413 529 473 c.
543 413 650 475 cassio
665 415 844 477 consulibus
860 433 922 477 non
936 419 1010 481 nrhs
1025 428 1090 481 tan·

107 505 173 559 tnrn
187 495 286 556 Roma
299 510 357 554 nec
372 503 454 555 terra
467 495 562 569 ltalia,
577 497 634 557 sed
650 513 759 559 omnes
772 514 863 574 reges
878 501 1088 578 civitatesque,

107 595 192 656 qnae
205 578 237 638 in
250 578 375 653 Europa
389 593 532 654 quaeque
546 579 577 639 in
591 580 668 641 Asia
682 588 782 656 erant,
798 590 1012 646 converterant
1025 587 1089 646 arti-

107 679 177 725 mos
192 662 223 722 in
238 677 342 722 curam
352 660 543 722 Macedonici
558 677 595 722 ac
606 664 735 726 Romani
746 664 826 726 belli.
847 666 1006 730 Eumenen
1019 685 1088 733 cum

107 754 199 808 vetos
215 745 319 806 odium
332 744 519 820 stimulabat,
533 751 597 806 tum
610 762 719 808 recens
734 748 795 823 ira,
810 751 894 825 quod
909 753 1087 814 scelerare

108 831 159 906 gis
173 843 272 906 prope
284 834 319 888 ut
331 827 454 888 victima
473 835 621 891 mactatus
635 829 762 906 Delphis
777 839 869 893 esset.
898 833 1023 896 Prusias
1036 836 1086 897 Bl-

111 913 238 992 thynias
251 928 308 972 rex
321 917 469 973 statuerat
482 912 634 973 abstinere
649 914 742 975 annis
756 924 961 993 eventumque
975 934 1088 996 exspe-

107 1005 207 1058 ctare:
229 1010 300 1055 nam
320 1010 421 1070 neque
440 996 596 1056 Romanos
618 1013 717 1073 posse
737 997 870 1074 aequum
892 1014 1021 1063 censere
1034 1003 1087 1063 ad·

108 1096 219 1141 versus
232 1080 356 1139 tratrem
365 1080 472 1139 uxoris
483 1095 567 1139 arma
578 1082 666 1156 terre,
681 1082 804 1158 etapud
813 1082 927 1144 Persea
937 1085 1085 1148 victorem

106 1162 229 1224 veniam
249 1177 307 1238 per
326 1177 465 1223 sororem
478 1163 697 1238 impetrabilem
712 1167 787 1226 iore.
814 1167 992 1230 Ariarathes
1007 1169 1083 1245 Gap

107 1247 264 1323 padocnm
283 1260 355 1320 rex,
376 1253 589 1321 praeterquam
610 1248 695 1323 quod
714 1249 861 1311 Romanis
882 1266 940 1312 suo
962 1252 1085 1314 nomine

106 1330 222 1392 auxilia
241 1329 393 1404 pollicitus
408 1338 487 1403 erat,
507 1345 547 1390 ex
562 1347 624 1406 quo
639 1337 688 1392 est
701 1332 822 1395 iunctus
834 1332 963 1394 Eumeni
977 1335 1086 1395 adlini-
1200 1408 1202 1412 v

106 1420 185 1488 tate,
205 1413 236 1473 in
258 1412 360 1474 omnia
379 1413 450 1473 helli
471 1412 621 1489 pacisque
642 1430 679 1475 se
698 1416 932 1477 consociaverat
945 1416 1084 1478 consilia.

105 1497 277 1558 Antiochus
291 1495 466 1558 imminebat
479 1496 603 1572 quidem
617 1499 751 1576 Aegypti
762 1514 869 1574 regno,
885 1506 915 1559 et
926 1500 1084 1574 pueritiam

106 1580 189 1654 regis
215 1588 245 1641 et
269 1579 407 1640 inertiam
431 1587 564 1642 tutorum
589 1595 757 1655 apameam
789 1589 820 1642 et
839 1581 1022 1656 ambigendo
1044 1584 1083 1644 de

107 1664 200 1725 Coele
220 1662 312 1742 Syria
331 1678 455 1723 cansam
475 1662 547 1724 belli
567 1679 603 1723 se
617 1663 790 1726 habiturum
804 1664 1011 1742 existimabat,
1031 1682 1081 1743 ge-

108 1754 290 1823 starumque
309 1747 376 1807 sine
395 1749 458 1807 ullo
479 1747 696 1822 impedimento
717 1748 876 1824 occupatis
890 1750 1037 1812 Romanis
1052 1752 1082 1811 in

105 1831 307 1892 Macedonico
328 1830 409 1892 bello
430 1831 462 1891 id
482 1830 610 1890 bellom:
638 1837 739 1892 meren
759 1832 861 1892 omnia
881 1841 911 1894 et
931 1849 987 1909 per
1006 1851 1082 1895 suos

108 1916 226 1988 legatos
241 1913 361 1976 senatui
374 1915 487 1990 etipse
501 1913 609 1988 legatis
624 1931 730 1975 eorum
743 1916 832 1977 enixe
843 1916 996 1990 pollicitus
1008 1926 1082 1978 erat.

106 1984 299 2060 ptolemaeus
314 2004 440 2073 propter
452 2004 580 2058 aetatem
596 1996 687 2059 alieni
702 1999 792 2061 etiam
803 2006 868 2059 tum
877 1998 992 2059 arbitrii
1003 2006 1083 2059 eret:

107 2087 224 2141 tutores
238 2088 268 2141 et
281 2082 394 2142 bellum
407 2081 558 2141 adversus
572 2081 757 2143 Antiochum
774 2080 930 2158 parabant,
946 2098 1007 2157 quo
1018 2083 1082 2142 vin·

105 2163 243 2225 dicarent
256 2165 367 2226 Coelen
383 2164 520 2243 Syriam,
542 2170 573 2225 et
584 2165 732 2227 Romanis
748 2166 849 2225 omnia
862 2164 1084 2240 pollicebantur

104 2247 147 2307 ad
167 2246 400 2309 Macedonicum
420 2249 542 2309 bellum.
570 2247 735 2310 Masinissa
750 2254 781 2310 et
794 2250 945 2309 humente
958 2249 1084 2311 iuvabat

104 2331 272 2407 Romanos,
293 2339 323 2392 et
336 2331 448 2392 auxilia
463 2348 532 2393 cum
546 2331 718 2408 elephantis
729 2333 972 2408 Misagenenque
988 2333 1083 2393 illium

105 2414 224 2475 mittere
238 2416 279 2475 ad
291 2415 405 2475 bellum
421 2416 557 2491 perabat.
580 2415 710 2478 consilia
723 2424 825 2477 autem
839 2416 870 2476 in
885 2432 1006 2477 omnem
1020 2416 1082 2476 tor-

104 2504 209 2558 tunam
227 2498 270 2559 ita
290 2498 441 2575 disposita
459 2499 605 2560 habehate
626 2499 653 2559 si
674 2516 770 2576 penes
784 2501 941 2562 Romanos
955 2499 1084 2563 victoria

104 2588 204 2656 esset,
232 2598 305 2643 suas
326 2598 450 2658 quoquc
470 2583 501 2642 in
522 2583 632 2643 eodem
652 2591 732 2644 stato
752 2600 913 2663 mansuras
933 2599 985 2644 res
1000 2598 1081 2658 esse,

99 2680 207 2739 ,neque
227 2665 306 2726 ultra
327 2666 490 2741 quicquam
511 2668 712 2737 movendum
741 2684 804 2729 non
825 2667 906 2728 enim
931 2683 1081 2745 passuros

102 2748 261 2823 Romanos
274 2749 336 2809 vim
350 2747 650 2824 carthaginiensibus
664 2750 793 2811 adferri:
810 2751 838 2811 si
852 2753 966 2812 tractae
978 2758 1083 2811 essent

104 2846 183 2906 opes
194 2832 411 2906 Romanorum,
428 2848 507 2908 quae
522 2840 584 2893 tum
599 2840 795 2908 protegerent
806 2834 1081 2910 Carthaginienses,
1126 2852 1130 2859 ’

104 2929 193 2975 suam
213 2931 334 2976 omnem
347 2915 483 2976 Africam
497 2917 573 2976 iore.
603 2914 729 2977 Gentius
743 2932 799 2976 rex
813 2918 984 2996 lllyriorum
1001 2919 1081 2977 tece-

102 3004 152 3057 rat
165 2998 277 3072 potius,
300 3015 355 3060 cur
369 3006 534 3074 suspectus
549 3007 635 3060 esset
646 3000 802 3074 Romanis,
824 3017 916 3076 qnam
931 3001 1006 3062 satis
1021 3008 1082 3061 sta·

104 3087 210 3155 tuerat,
226 3089 325 3143 utram
335 3083 454 3143 levaret
463 3089 590 3158 partem,
604 3082 783 3158 impetuque
796 3084 892 3158 magis
904 3101 996 3159 quam
1006 3100 1081 3146 con·

103 3162 173 3225 silio
192 3163 241 3225 his
257 3165 382 3227 culillis
402 3180 439 3225 se
453 3166 652 3228 adiuncturus
667 3166 836 3227 videbatur.
862 3166 957 3246 Cotys
970 3167 1082 3241 Thrax,

104 3245 297 3326 Odrysarum
310 3264 375 3322 rex,
392 3248 453 3308 iarn
465 3247 670 3311 Macedonum
685 3249 780 3325 partis
795 3257 869 3311 erat.

185 3330 277 3391 XXX„
295 3332 381 3393 Haec
394 3333 545 3394 sententia
558 3332 685 3408 regibus
701 3348 770 3393 oum
786 3340 869 3394 esset
883 3335 923 3395 (le
936 3333 1029 3405 bello,
1048 3332 1080 3391 in

100 3413 208 3475 liberis
223 3415 366 3489 gentihus
379 3414 569 3492 populisque
582 3416 671 3491 plebs
685 3416 800 3491 ubique
815 3415 915 3478 omnis
930 3415 1034 3486 terme,
1048 3421 1082 3475 ut

101 3497 196 3570 solet,
216 3496 378 3559 deterioris
398 3504 464 3559 erat
482 3499 522 3558 ad
542 3514 646 3573 regem
659 3495 910 3575 Macedonasque
924 3495 1080 3555 inclinata:
