2642 4017
234 215 298 280 aas
411 213 630 276 ntruaxtu
653 211 1027 291 ethespamarae]

235 366 317 427 dicio
332 381 393 426 non
408 365 543 437 auderet,
564 362 706 423 liberaret
724 362 872 438 religione
887 365 1033 439 templum
1047 379 1084 423 ac
1098 363 1222 425 sibimet

236 451 305 527 ipse
320 449 502 510 consuleret.
524 446 655 508 Perseus
670 452 818 508 sevocato
828 445 972 509 Euandro
987 445 1131 508 iudicium
1146 447 1218 509 sub

235 533 328 595 eundi
343 533 426 594 nullo
437 538 528 607 pacto
539 538 646 591 auctor
656 545 744 591 esse:
759 545 816 591 nec
827 545 923 591 causa
935 546 993 590 nec
1002 529 1100 605 gratia
1111 547 1219 606 parem

237 619 312 679 lore.
345 616 470 676 suberat
483 623 514 676 et
526 614 577 675 ille
590 620 701 687 metus,
716 629 754 674 ne
769 615 931 675 damnatus
944 620 1101 675 auctorem
1115 630 1151 674 se
1164 629 1219 674 ne·

236 700 320 761 laudi
347 699 491 760 laciooris
516 697 715 773 protraheret
756 697 867 772 reliqui
892 698 1078 774 quidesse,
1103 697 1163 758 nisi
1185 704 1219 758 ut

236 784 353 846 iordter
369 782 534 843 moriaturt
553 779 627 842 nihil
641 782 741 857 palam
757 781 892 842 abnuere
902 780 1062 850 Euander;
1076 782 1133 841 sed
1148 797 1218 842 cum

236 882 356 927 veneno
372 881 409 927 se
422 865 512 927 malle
525 862 604 925 niori
621 880 713 940 quam
728 864 809 925 lema
825 864 964 939 dixisset
979 862 1099 926 occulte
1114 865 1216 941 lugam

236 949 374 1026 parabat
410 949 495 1024 quod
509 964 579 1009 cum
592 949 793 1011 renuntiatum
812 948 878 1024 regi
899 954 998 1022 esset,
1019 954 1158 1009 metuens
1177 963 1219 1008 ne

235 1042 390 1107 tamquam
411 1048 430 1091 a
448 1047 485 1091 se
504 1030 660 1093 subtracto
681 1046 801 1106 poenae
819 1047 874 1092 reo
895 1032 970 1092 bam
985 1030 1217 1095 Samothracum

235 1116 266 1175 in
281 1130 317 1175 se
331 1121 537 1187 converteret,
557 1115 686 1176 interfici
699 1114 875 1177 Euandrum
896 1115 993 1177 iussit.
1031 1132 1092 1191 qua
1107 1130 1218 1192 perpe·

235 1205 314 1259 trata
328 1205 441 1258 temere
456 1197 550 1258 caede
564 1199 647 1260 subit
657 1199 812 1275 extemplo
834 1198 967 1260 animum
980 1199 1010 1259 in
1025 1214 1061 1259 se
1075 1200 1217 1260 nimimm

235 1282 507 1359 receptamlabcm‚
523 1297 604 1357 quae
611 1281 746 1343 Euandri
754 1282 878 1354 luisset3
894 1282 933 1343 ab
947 1282 999 1344 illo
1010 1281 1138 1358 Delphis
1149 1284 1216 1343 vul·

234 1373 373 1427 neretum
382 1363 1217 1440 Eumenen,abseSamothracaeEuandrumoccisum3

209 1518 213 1525 ¹
234 1451 275 1511 ita
296 1451 357 1512 duo
372 1449 567 1510 sanctissima
586 1449 616 1508 in
636 1449 727 1510 terris
747 1451 861 1525 tempta
877 1465 912 1511 se
925 1466 988 1511 uno
1003 1456 1129 1511 auctore
1143 1465 1213 1510 san-

234 1534 327 1608 guine
341 1533 474 1594 humano
488 1532 609 1594 violata.
631 1533 722 1593 huius
736 1534 781 1593 rei
796 1533 909 1594 crimen
924 1541 1069 1609 corrupto
1084 1534 1214 1610 pecunia

236 1616 382 1677 lheonda
395 1616 555 1690 avertitur,
576 1624 609 1677 ut
629 1617 816 1677 renuntiaret
835 1618 950 1692 populo
966 1616 1141 1678 Euandrum
1156 1617 1216 1679 sibi

234 1700 335 1775 ipsum
351 1707 478 1761 mortem
493 1699 663 1760 conscisse.
703 1700 756 1760 Vl.
785 1707 917 1760 ceterum
933 1707 1017 1761 tanto
1033 1699 1169 1762 facinore
1182 1700 1215 1759 iu

234 1781 357 1844 unicum
372 1783 510 1844 relictum
523 1783 653 1844 amicum
670 1783 852 1857 commisso,
867 1799 924 1859 per
937 1790 982 1846 tot
996 1799 1089 1846 casus
1103 1799 1214 1859 exper-

233 1873 306 1941 tum,
328 1867 544 1943 proditumque
565 1867 637 1944 quia
657 1882 718 1928 non
737 1866 931 1942 prodiderat,
957 1868 1091 1929 omnium
1115 1868 1154 1928 ab
1179 1884 1216 1928 se

234 1949 417 2013 abalienavit
431 1951 559 2012 animos.
577 1967 634 2027 pro
649 1966 687 2011 se
701 1951 834 2026 quisque
845 1951 974 2013 transire
988 1953 1029 2012 ad
1040 1951 1214 2023 Romanos;

235 2036 387 2111 fugaeque
405 2036 566 2097 consilium
580 2050 692 2111 capere
706 2035 806 2096 solum
827 2050 925 2111 prope
945 2036 1084 2097 relictum
1105 2050 1215 2111 coege

233 2127 312 2194 runt,
327 2118 562 2195 Oroandemque
575 2119 758 2192 Cretensem,
774 2118 823 2179 eui
835 2118 1059 2180 notaThraciae
1073 2135 1128 2180 cra
1141 2128 1217 2195 erat,

235 2203 308 2278 quia
320 2211 507 2265 mercaturas
521 2202 552 2263 in
567 2218 606 2264 ea
618 2203 744 2279 regione
758 2202 882 2277 lecerat,
894 2204 1038 2279 appellat,
1059 2210 1094 2264 ut
1100 2219 1135 2262 se
1142 2203 1214 2263 sub-

233 2288 327 2347 latum
350 2288 380 2347 in
405 2289 538 2349 lembum
563 2288 603 2347 ad
624 2288 730 2366 Cotym
753 2285 926 2347 deveheret
961 2287 1145 2349 Demetrium
1167 2295 1217 2349 est

233 2379 340 2446 ponus
354 2372 385 2432 in
401 2370 610 2446 promontorio
625 2371 759 2446 quodam
779 2369 1011 2432 Samothracae:
1039 2370 1080 2431 ibi
1094 2370 1215 2432 lembus

233 2455 342 2517 stabat
377 2454 435 2515 sub
450 2469 596 2515 occasum
611 2455 687 2514 solis
704 2454 881 2515 delerantur
902 2469 982 2529 quae
1003 2455 1043 2517 ad
1056 2470 1147 2515 usum
1162 2471 1214 2514 ne-

234 2535 370 2597 cessaria·
384 2541 486 2606 erant;
509 2536 643 2596 defertur
657 2542 689 2595 et
701 2536 849 2611 pecunia,
872 2544 986 2613 quanta
1006 2540 1083 2599 clann
1101 2536 1214 2598 delerri

234 2624 362 2694 poterat.
396 2634 453 2678 rex
466 2620 536 2693 ipse
555 2625 646 2678 nocte
660 2618 761 2679 media
782 2635 851 2681 cum
866 2620 962 2682 tribus
975 2622 1108 2683 consciis
1123 2621 1215 2695 lugae

233 2716 290 2777 per
309 2701 461 2776 posticum
483 2701 604 2762 aedium
629 2701 660 2761 in
686 2701 894 2779 propinquum
921 2705 1062 2766 cubiculo
1083 2704 1215 2778 hortum,

233 2791 325 2860 atque
336 2785 407 2846 inde
418 2783 579 2846 maceriam
590 2800 683 2860 aegre
693 2791 907 2861 umsgressus
920 2789 959 2849 od
970 2805 1054 2849 mare
1065 2787 1213 2864 pervenit

220 2867 394 2932 ·0roandes
403 2876 519 2932 tantum
528 2876 675 2945 moratus,
688 2870 760 2931 dum
767 2872 898 2946 pecunia
912 2872 1091 2948 delectetur,
1106 2869 1212 2947 primis

232 2952 368 3015 tenebris
393 2955 529 3016 solverat
550 2970 660 3016 navem
684 2969 722 3016 ac
746 2970 803 3030 per
828 2955 921 3016 altum
942 2956 1060 3018 Cretam
1081 2955 1213 3031 petebat

234 3044 397 3114 postquam
410 3038 543 3113 inportu
557 3036 644 3098 navis
658 3053 721 3099 non
732 3038 856 3098 inventa
871 3047 928 3112 est,
943 3047 1071 3115 vagatus
1081 3038 1212 3099 Perseus

233 3120 420 3196 aliquamdiu
440 3122 470 3180 in
488 3123 596 3197 littore,
617 3128 774 3197 postremo
789 3121 898 3183 timens
913 3124 1012 3184 lucem
1026 3123 1085 3182 iam
1100 3137 1212 3198 appro-

231 3203 446 3280 pinquantom5
470 3204 501 3266 in
523 3203 690 3281 hospitium
717 3204 819 3265 redire
843 3221 906 3281 non
931 3222 1040 3280 ausus,
1066 3205 1097 3267 in
1119 3207 1213 3266 latere

231 3288 335 3364 templi
350 3303 449 3364 prope
463 3289 606 3363 angulum
619 3289 785 3349 obscurum
796 3288 922 3352 delituit.
944 3290 1033 3366 pueri
1042 3290 1118 3365 regii
1131 3290 1214 3365 apud

232 3372 420 3434 Macedonas
440 3370 630 3431 vocabantur
650 3370 823 3446 principum
841 3373 928 3432 liberi
954 3374 995 3433 ad
1014 3372 1214 3434 ministerium

232 3455 320 3517 electi
333 3457 431 3533 regis:
448 3470 486 3516 ea
501 3452 613 3513 cohors
628 3460 791 3527 persecuta
801 3469 905 3528 regern
917 3456 1082 3531 lugientem
1096 3472 1136 3516 ne
1151 3465 1213 3517 tum
