2642 4017
237 246 278 310 10
383 247 498 307 LlBER
512 246 643 306 XXXIX.
668 245 751 305 cAP.
767 255 808 306 11.
821 254 864 308 12.
880 252 917 319 [u.
931 251 967 305 U.
979 269 1003 302 c·
1016 250 1079 318 566]

235 407 343 477 gantas
364 400 435 459 hinc
455 406 552 460 mater
565 399 636 459 hinc
651 396 777 458 vitricus
792 414 862 457 cum
878 404 1021 473 quattuor
1035 412 1106 458 eum
1120 398 1222 460 servis

235 486 328 546 domo
344 492 522 558 exegerunt
543 482 728 543 adolescens
743 480 815 541 inde
826 481 866 541 ad
877 478 1040 541 Aebutiam
1052 495 1088 540 se
1099 481 1222 541 amitam

236 568 372 642 contulit,
388 582 574 641 causamque
589 565 618 626 ei
633 581 688 626 cur
702 572 787 625 esset
800 581 820 624 a
834 571 930 625 matre
945 565 1063 624 eiectus
1077 565 1222 637 narravit,

236 651 349 712 deinde
364 667 403 711 ex
417 650 596 711 auctoritate
612 650 679 709 eius
690 656 817 725 postero
830 648 880 707 die
892 649 932 708 ad
942 648 1102 709 consulem
1113 648 1223 708 Postu<

235 736 329 796 mium
340 734 461 795 arbitris
472 732 598 793 remotis
609 748 675 791 rem
682 730 797 792 detulit.
814 734 923 792 consul
934 739 1006 807 post
1012 731 1093 791 diem
1100 731 1223 792 tertium

234 819 336 879 redire
346 819 386 878 ad
401 834 437 877 se
448 818 567 877 iussum
579 815 709 885 dimisit;
730 814 799 890 ipse
811 814 977 891 Sulpiciam
992 830 1119 890 gravem
1136 813 1223 874 femi-

231 916 314 976 nam,
330 917 453 962 socrum
468 916 565 973 suam,
577 906 793 976 percunctatus
805 906 860 973 est,
874 914 1004 973 ecquam
1016 914 1107 958 anum
1117 898 1223 958 Aebu-

233 987 305 1047 tiam
317 1001 356 1045 ox
362 985 514 1044 Aventino
528 991 645 1045 nosset.
661 999 731 1044 cnm
744 998 813 1042 eam
819 998 915 1043 nosse
926 983 1056 1058 probam
1064 988 1094 1041 et
1104 981 1222 1057 antiqui

232 1067 329 1128 moris
345 1066 488 1128 leminam
503 1067 734 1144 respondisset,
757 1082 837 1142 opus
852 1081 925 1126 esse
939 1065 998 1126 sibi
1013 1081 1051 1125 eo
1069 1073 1222 1127 conventa

233 1151 325 1211 dixit:
345 1151 477 1211 mitteret
491 1151 628 1211 nuntium
640 1152 680 1211 ad
692 1166 768 1225 eam,
783 1156 817 1210 ut
827 1150 953 1210 veniret.
977 1148 1110 1208 Aebutia
1121 1151 1223 1209 accita

233 1235 274 1294 ad
288 1233 455 1310 Sulpiciam
474 1233 574 1304 venit;
597 1241 628 1293 et
642 1234 750 1296 consul
764 1234 858 1309 paulo
873 1239 960 1309 post,
981 1232 1068 1291 velut
1081 1233 1160 1292 torte
1175 1232 1221 1292 in·

232 1318 430 1393 tervenisset,
452 1334 625 1379 sermonem
640 1318 681 1378 de
694 1316 826 1378 Aebutio
842 1318 943 1378 fratris
959 1316 1026 1376 eius
1042 1316 1104 1376 lilio
1120 1317 1221 1376 infert.

233 1400 379 1461 lacrimae
394 1400 513 1463 mulieri
527 1401 671 1476 obortae,
695 1408 725 1463 et
738 1401 876 1461 miserari
890 1416 997 1459 casum
1012 1400 1221 1461 adolescentis

232 1482 351 1560 coepit,
373 1485 425 1560 qui
440 1486 591 1560 spoliatus
606 1484 738 1545 fortunis
753 1502 772 1544 a
787 1484 899 1560 quibus
914 1482 1038 1547 minime
1054 1491 1220 1559 oporteret,

232 1567 317 1644 apud
333 1584 368 1628 se
382 1577 455 1630 tunc
470 1576 569 1643 esset,
591 1568 707 1629 eiectus
722 1576 865 1641 amatre,
882 1568 966 1642 quod
981 1566 1099 1641 probus
1115 1567 1219 1626 adole·

231 1650 432 1712 scens—dii
456 1651 582 1728 propitii
609 1660 716 1713 essent
729 1686 764 1696 -
779 1651 940 1722 obscenis,
967 1657 1001 1710 ut
1024 1652 1106 1709 lama
1125 1660 1218 1724 esset,

233 1735 332 1793 sacris
353 1733 464 1794 initiari
485 1733 587 1796 nollet.
622 1736 686 1812 Xll.
714 1736 790 1797 satis
812 1736 1004 1810 exploratum
1024 1734 1065 1793 de
1083 1733 1219 1795 Aebutio

230 1825 317 1878 ratus
338 1819 447 1878 consul
461 1834 523 1878 non
538 1835 653 1880 vanum
667 1827 823 1880 auctorem
837 1834 924 1891 esse,
947 1818 1074 1877 dimissa
1087 1818 1220 1878 Aebutia

232 1916 356 1961 socrum
376 1910 478 1978 rogat,
500 1909 534 1963 ut
547 1903 706 1978 Hispalam
726 1902 861 1963 indidem
882 1918 922 1963 ex
936 1900 1088 1961 Aventino
1104 1901 1219 1962 liberti-

232 1993 311 2059 nam,
326 2002 388 2046 non
402 1987 537 2060 ignotam
550 1983 691 2058 viciniae,
708 1993 879 2046 arcesseret
893 1987 933 2046 ad
949 2001 1035 2046 sesae
1056 2000 1124 2045 eam
1140 1987 1216 2060 quo⁵

232 2085 294 2142 que
315 2085 387 2130 esse
403 2085 483 2142 quae
499 2068 692 2142 percunctari
705 2068 804 2127 vellet.
838 2070 879 2128 ad
893 2068 981 2129 cuius
996 2067 1133 2129 nuntium
1148 2084 1217 2144 per-

232 2151 353 2210 turbata
366 2150 503 2227 Hispala,
519 2151 604 2224 quod
618 2151 659 2209 ad
674 2158 735 2209 tam
750 2150 883 2211 nobilem
894 2159 925 2211 et
935 2167 1061 2225 gravem
1072 2151 1219 2211 feminam

232 2233 337 2307 ignara
349 2247 462 2293 causac
473 2241 693 2309 arcesseretur,
707 2240 874 2309 postquam
885 2232 1009 2296 lictores
1020 2234 1051 2294 in
1063 2236 1218 2297 vestibulo·

231 2316 412 2400 turbamque
442 2318 636 2378 consularem
664 2323 696 2377 et
723 2319 881 2378 consulem
911 2319 1014 2394 ipsum
1043 2320 1215 2394 conspexit,

231 2416 332 2476 prope
349 2400 521 2461 exanimata
542 2410 599 2463 est.
633 2400 664 2462 in
686 2401 861 2464 interiorem
881 2410 998 2478 partem
1019 2402 1141 2463 aedium
1162 2402 1215 2462 ab·

231 2484 352 2544 ductam
373 2499 467 2544 socru
481 2483 615 2546 adhibita
629 2486 754 2561 consul,
776 2487 802 2548 si
816 2502 891 2545 vera
906 2487 1009 2545 dicere
1023 2486 1169 2547 inducere
1184 2487 1216 2545 in

230 2567 363 2626 animum
377 2575 495 2642 posset,
511 2578 603 2644 negat
616 2569 789 2645 perturbari
803 2569 934 2639 debere;
949 2570 1043 2629 fidem
1055 2572 1104 2630 vel
1116 2586 1134 2630 a
1147 2568 1216 2630 Sul·

229 2650 324 2724 picia‚
348 2650 399 2710 tali
420 2650 546 2725 semina,
573 2654 623 2712 vel
643 2653 682 2713 ab
703 2668 738 2713 se
752 2658 922 2730 acciperem
944 2660 1142 2730 expromeret
1157 2650 1213 2715 sibi

228 2748 310 2807 quae
325 2733 356 2793 in
372 2736 441 2795 lucc
454 2733 578 2796 Similae
588 2736 832 2797 Bacchanalibus
848 2737 878 2796 in
894 2753 983 2798 sacro
998 2744 1150 2797 nocturno
1163 2753 1214 2797 so·

228 2818 328 2877 lerent
351 2818 427 2878 lieri.
462 2818 522 2879 hoc
547 2819 600 2879 ubi
624 2815 755 2891 audivit,
785 2827 887 2882 tantus
915 2837 1015 2896 pavor
1038 2829 1215 2895 tremorque

219 2901 364 2962 ’omnium
385 2902 591 2964 membrorum
612 2902 769 2964 mulierem
785 2903 880 2979 cepit,
902 2913 936 2965 ut
950 2904 1003 2966 diu
1016 2904 1138 2965 hiscere
1151 2920 1214 2964 non

228 2993 346 3058 posset.
368 2987 493 3046 tandem
508 2987 686 3048 confirmata
700 2988 834 3062 puellam
850 2988 1016 3049 admodum
1027 3003 1063 3048 se
1074 2987 1215 3047 ancillam

228 3063 374 3128 initiatam
396 3086 466 3131 cum
487 3069 611 3129 domina
631 3069 687 3130 alta
713 3070 830 3145 aliquot
849 3071 953 3146 annis,
974 3087 1014 3130 ex
1030 3087 1092 3147 quo
1107 3086 1213 3131 mann·
1301 3124 1305 3130 .

228 3151 325 3211 missa
346 3153 398 3227 sit,
421 3152 495 3212 nihil
516 3153 588 3229 quid
607 3152 649 3213 ibi
670 3155 724 3214 liat
744 3156 833 3214 scire.
866 3156 926 3215 iarn
939 3154 972 3215 id
985 3155 1087 3231 ipsum
1104 3156 1215 3216 consul

229 3235 371 3309 laudare,
393 3251 462 3296 cum
483 3235 627 3299 initiatam
650 3253 761 3297 senon
777 3237 971 3299 infitiaretur=
994 3240 1052 3300 sed
1067 3244 1098 3299 et
1111 3246 1215 3299 cetera

228 3318 338 3378 eadem
362 3320 424 3379 fide
447 3328 648 3396 expromeret.
681 3323 804 3397 neganti
829 3325 909 3383 ultra
937 3323 1103 3399 quicquam
1123 3324 1214 3396 scire,

228 3418 291 3462 non
313 3404 442 3463 eandem
458 3403 574 3477 dicere,
597 3406 624 3465 si
640 3412 824 3481 coarguatur
837 3407 877 3466 ab
891 3406 967 3482 alio,
989 3423 1026 3467 ac
1046 3422 1154 3483 perse
1170 3406 1213 3466 la·

229 3487 303 3547 tenti
318 3486 438 3548 veniam
449 3494 500 3550 aut
510 3490 638 3564 gratiam
650 3490 733 3560 lore;
750 3506 819 3550 eum
830 3490 889 3550 sibi
899 3490 1003 3552 omnia
1014 3487 1212 3567 exposuisse,
