2642 4017
334 152 913 269 Lraaaxmr.'cnr.1.an.c.ns]
1055 198 1116 263 tet

128 343 193 413 ire;
216 343 304 405 cuius
325 343 479 418 ingentem
499 344 625 403 modum
644 344 807 418 possidere
822 342 958 420 privatos
972 349 1116 422 paulatin

130 427 320 504 proterendo
335 427 414 486 fines
429 427 599 487 constabat.
621 425 672 487 hic
686 427 780 488 bama
792 427 1006 501 Praenestinis,
1021 434 1115 507 quod

43 580 49 587 „
131 529 201 572 cum
227 526 265 572 eo
289 511 427 586 privatus
452 511 596 571 sacrificii
615 510 648 570 in
668 511 783 584 templo
803 511 957 573 Fortunae
982 514 1115 576 laciundi

131 611 227 656 causa
241 594 399 669 protectus
414 600 507 667 esset,
522 593 597 653 nihil
610 595 641 654 in
653 608 690 654 se
698 594 868 655 honorilice
883 610 984 671 neque
995 599 1116 672 publice

130 694 233 754 neque
248 678 388 754 privatim
402 678 515 738 tactum
528 694 549 737 a
558 677 764 739 Praenestinis
776 688 869 753 esset,
884 680 1065 756 priusquam
1076 683 1115 744 ab

129 764 230 824 Roma
244 761 501 836 proficisceretur,
516 762 630 822 litteras
644 761 810 823 Praeneste
824 760 914 838 misit,
930 771 964 824 ut
978 763 1037 825 sibi
1051 781 1113 826 ma·

129 848 276 922 gistratus
292 846 414 905 obviam
428 845 535 918 exiret,
549 847 651 906 locum
662 845 786 920 publice
796 854 928 922 pararet,
942 847 994 908 ubi
1007 848 1112 910 dever-

129 937 252 1003 teretur,
267 929 470 1005 iomcntaque,
484 945 554 989 cum
564 929 662 990 exuet
673 928 754 1001 inde,
770 938 893 1004 praesto
905 940 1021 994 essent.
1043 940 1114 994 ante

131 1014 215 1075 huno
234 1014 394 1074 consulem
413 1028 504 1073 nemo
524 1029 671 1089 umquam
685 1014 779 1074 sociis
793 1013 823 1073 in
838 1016 901 1075 ulla
913 1031 948 1076 re
963 1016 1048 1077 oneri
1062 1024 1114 1079 aut

132 1096 268 1172 sumptui
288 1098 351 1158 luit.
384 1096 455 1158 ideo
475 1097 670 1172 magistratus
690 1098 780 1158 mrum
802 1097 1069 1175 tabernaculisque
1083 1110 1113 1162 et

130 1182 214 1242 omni
233 1183 297 1242 alio·
315 1181 516 1242 instrumento
536 1181 655 1243 militari
676 1183 877 1257 ornabantur,
897 1198 937 1243 ne
958 1181 1033 1259 quid
1052 1185 1113 1246 tate

129 1266 315 1340 imperarent
329 1265 434 1326 sociis.
459 1265 577 1341 privata
591 1266 726 1340 hospitia
739 1265 907 1328 babebautz
929 1283 967 1327 ca
980 1267 1113 1342 benigne

129 1349 319 1424 comiterque
329 1349 486 1418 colebant;
502 1349 676 1426 domusque
690 1365 796 1410 eorum
806 1350 924 1410 Romae
937 1350 1110 1425 hospitibus

130 1432 291 1508 patebant,
307 1433 391 1508 apud
406 1450 485 1508 ques
501 1434 579 1509 ipsis
593 1434 709 1493 deverti
724 1448 792 1493 mos
806 1441 899 1494 esset
927 1433 1035 1509 legati,
1058 1434 1110 1510 qui

129 1523 256 1591 repente
276 1515 380 1592 aliquo
400 1517 603 1591 mitterentur,
624 1516 745 1591 singula
765 1517 899 1577 iumenta
914 1532 972 1592 per
987 1517 1111 1594 oppida,
1192 1566 1195 1573 ,

129 1600 261 1676 iterque
276 1601 450 1661 faciundum
465 1609 538 1672 erat,
553 1600 757 1674 imperabantr
780 1600 869 1660 etiam
880 1600 1051 1677 impensam
1060 1617 1111 1662 so·

34 1682 40 1692 '
129 1686 168 1745 cii
183 1684 214 1744 in
229 1686 423 1759 magistratus
437 1685 594 1744 Romanos
615 1700 677 1743 non
698 1683 857 1745 faciebant
891 1685 964 1746 inde
978 1685 1024 1745 ira
1039 1701 1110 1747 con·

129 1767 221 1841 sutis,
237 1767 355 1829 etiamsi
369 1769 450 1829 iusta
463 1784 526 1829 non
541 1776 641 1829 umen
655 1766 687 1827 in
701 1767 879 1842 magistratu
892 1769 1066 1830 exercenda
1081 1777 1112 1830 ct

128 1853 279 1912 silentium
292 1850 380 1912 nimis
391 1859 444 1912 aut
454 1852 626 1913 modestum
636 1860 689 1912 aut
698 1850 835 1912 timidum
844 1851 1110 1915 Praenestinorum

128 1936 187 2009 ius,
203 1937 286 1996 velut
300 1936 429 2012 probato
444 1935 594 2011 exemplo,
609 1934 835 2011 magistratibus
850 1936 923 1996 lecit
935 1938 1109 2010 graviorum

128 2019 159 2078 in
175 2020 241 2080 dies
255 2020 324 2080 talis
338 2023 460 2095 generis
475 2019 681 2093 imperiorum.

214 2104 249 2160 ll.
271 2103 422 2180 Principio
448 2103 538 2165 huius
559 2104 629 2165 anni
649 2105 757 2178 legati,
783 2103 836 2179 qui
856 2101 887 2163 in
908 2103 1061 2186 aetoliam
1080 2111 1111 2164 et

127 2186 338 2247 Macedoniam
363 2188 450 2248 missi
471 2194 572 2262 erant,
597 2188 807 2248 renuntiarunt
826 2187 885 2247 sibi
906 2185 1108 2249 conveniendi

130 2270 214 2345 regis
228 2269 341 2344 Persei,
356 2287 425 2332 cum
439 2272 490 2332 atii
503 2271 616 2332 abesse
629 2287 715 2345 eum,
730 2271 780 2331 alii
793 2286 918 2346 aegrum
934 2286 1014 2344 csse,
1030 2272 1109 2332 laiso

127 2361 302 2429 utrumque,
317 2357 474 2430 tingerent,
490 2362 674 2431 potestatem
688 2371 750 2416 non
765 2356 885 2416 iactam
906 2355 995 2415 tacite
1008 2363 1109 2416 tamen

127 2437 312 2512 apparuisse
327 2438 386 2501 sibi
398 2455 481 2500 nunc
493 2439 606 2500 bellum
621 2439 730 2515 parari,
746 2455 804 2500 nec
817 2439 897 2500 ultra
911 2438 952 2499 ad
965 2454 1050 2498 mma
1064 2438 1109 2499 ire

127 2521 299 2583 dilaturum·
320 2524 392 2584 item
406 2523 437 2583 in
447 2523 568 2583 Aetolia
582 2523 763 2585 seditionem
777 2525 909 2599 gliscere
922 2522 953 2583 in
964 2523 1041 2597 dies,
1056 2538 1108 2581 ne-

127 2621 189 2680 que
206 2605 430 2668 discordiarum
450 2607 606 2682 principes
626 2608 805 2670 auctoritate
825 2624 884 2669 sua
903 2608 1039 2668 coerceri
1052 2622 1108 2681 po·

126 2690 233 2749 unisse.
262 2707 330 2751 cum
351 2691 464 2751 bellum
480 2691 712 2752 Macedonicum
725 2693 754 2751 in
770 2692 1001 2767 exspectatione
1016 2697 1109 2763 esset,

127 2774 306 2850 priusquam
327 2774 359 2835 id
384 2775 606 2850 susciperetur,
635 2774 777 2850 prodigia
797 2774 915 2850 expiari
935 2789 1109 2850 pacemque

126 2857 218 2917 deum
238 2858 300 2934 peti
322 2858 563 2933 precationibus,
587 2858 639 2933 qui
658 2858 732 2919 editi
750 2873 789 2918 ex
803 2858 945 2918 tatalibus
959 2858 1044 2918 libris
1060 2872 1109 2918 es-

127 2949 204 3016 sent,
220 2942 342 3018 placuit.
369 2942 497 3002 Lanuvii
512 2940 622 3002 classis
636 2957 766 3016 magnae
780 2943 903 3018 species
917 2942 948 3001 in
963 2944 1049 3002 caelo
1064 2940 1108 3001 vi·

126 3041 181 3085 sac
201 3026 395 3101 dicebantur,
416 3033 448 3086 et
459 3025 594 3085 Priverni
613 3027 685 3085 lana
705 3026 790 3101 pullo
808 3034 890 3088 terra
909 3033 1013 3100 enam,
1034 3031 1065 3085 et
1077 3024 1108 3083 in

125 3109 246 3170 Veienti
256 3111 338 3185 apud
346 3111 524 3171 Rementem
534 3109 711 3185 lapidatum,
719 3109 911 3185 Pomptinum
922 3125 1012 3170 omne
1024 3110 1108 3168 velut

126 3192 258 3255 nubibus
272 3195 460 3256 locustarum
475 3202 653 3269 coopertum
670 3208 750 3266 esse,
770 3192 801 3253 in
816 3193 932 3254 Gallico
947 3209 1031 3269 agro,
1047 3208 1110 3266 qua

126 3277 321 3338 induceretur
329 3285 471 3351 aratrum,
488 3278 546 3338 sub
558 3275 778 3338 exsistentibus
788 3278 886 3352 glebis
896 3277 1000 3353 pisces
1012 3289 1107 3335 emer-

126 3358 217 3421 sisse.
247 3363 286 3423 ob
306 3362 384 3421 haec
406 3361 546 3437 prodigia
559 3361 627 3421 libri
642 3363 750 3421 fatales
764 3360 910 3436 inspecti,
933 3359 1109 3430 editumque

127 3444 163 3504 ab
179 3445 361 3506 decemviris
375 3451 437 3519 est,
453 3445 609 3519 atquibus
625 3445 683 3504 diis
700 3445 876 3519 quibusque
888 3439 999 3502 hostiis
1014 3438 1107 3499 sacri-

863 3531 912 3585 θ’·
