2642 4017
203 235 267 299 444
330 233 446 294 sisso
458 233 563 295 xum.
585 233 669 293 car.
683 241 727 296 44.
738 241 838 296 4444.
860 240 898 308 [a.
911 239 945 292 4.
957 257 982 293 a.
994 241 1058 308 444]

205 394 418 468 pervenerunt,
430 386 542 462 414441
555 401 595 451 ox
606 388 679 462 luga
690 385 1078 462 quinquemillahomioum
1085 395 1189 463 44414.

204 491 243 535 ex
258 471 424 535 viatoribus
439 469 617 533 4441144441
627 486 690 531 ooo
701 470 772 546 plus
783 475 915 546 4441444,
930 477 1077 535 eteorum
1087 473 1187 535 multo

203 557 302 619 maior
315 570 389 633 pars
402 553 529 629 Peligni
550 553 700 615 vulnerati
715 554 872 631 aliquanto
887 555 992 631 plures
1003 561 1083 619 suut.
1099 555 1188 631 quod

204 643 231 704 si
245 639 392 703 maturius
406 636 538 714 pugnari
548 644 692 713 coeptum
703 646 798 712 esset,
812 638 931 701 4144114
943 636 1187 703 diaiviotoribus

204 728 245 787 41
264 723 516 802 persequendum
535 728 731 797 superesset,
752 721 874 785 41414144
893 737 1002 787 omues
1015 720 1128 797 copiae
1140 723 1187 785 14-

204 817 286 872 44414
309 822 391 869 uuna
409 805 570 867 imminens
590 821 655 867 nox
673 813 705 867 et
725 805 879 881 1441444144
898 805 1025 871 1441141
1036 805 1186 873 1144414414

204 892 355 970 pigritiem
370 890 411 951 ad
425 889 619 967 sequendum
632 888 710 953 loeis
724 887 838 964 1444114
853 889 934 953 lesit.

286 974 389 1037 111111
409 972 544 1035 Perseus
565 973 606 1035 au
623 972 754 1037 Pieriam
775 973 885 1037 silvam
899 973 951 1034 via
964 973 1100 1051 41111441,
1125 976 1186 1039 ire·

207 1057 307 1135 quenti
330 1056 451 1132 agmine
471 1055 607 1132 equitum
625 1062 658 1125 41
676 1056 763 1132 regio
778 1057 924 1123 44411414
935 1055 1022 1134 lusit.
1048 1058 1140 1121 simul
1154 1059 1185 1121 14

205 1142 314 1203 silvam
328 1147 453 1202 ventum
467 1146 530 1216 est,
545 1140 600 1203 ubi
612 1140 719 1216 plures
734 1140 876 1219 diversae
891 1141 1020 1205 semilae
1031 1151 1132 1218 eraut,
1155 1148 1187 1207 et

203 1241 267 1287 nox
280 1223 558 1302 appropinquabat,
575 1238 645 1287 eum
657 1225 825 1300 perpaucis
841 1225 975 1289 maxima
986 1225 1058 1291 uuis
1069 1226 1119 1286 vie
1130 1227 1185 1287 de
1199 1286 1205 1295 ,

202 1309 301 1372 sartio
329 1308 450 1385 equites
469 1308 538 1370 siue
558 1309 637 1371 duee
655 1309 754 1371 relioti
772 1309 825 1374 4111
839 1309 899 1375 alia
911 1307 945 1371 14
957 1309 1095 1375 civitates
1109 1325 1185 1373 suas

203 1394 315 1471 dilapsi
333 1399 422 1464 44414
449 1390 599 1469 perpauci
618 1391 692 1455 inde
716 1391 831 1457 Pellem
851 1394 982 1457 celuiua
1002 1392 1185 1470 4441441444

193 1477 343 1560 Perseus,
358 1476 432 1554 quia
445 1484 530 1538 reeta
544 1475 690 1552 expedita
703 1474 759 1539 via
768 1476 876 1552 ierast,
890 1484 1106 1552 4444444441.
1126 1493 1185 1539 rex

203 1562 244 1622 ad
262 1559 395 1623 mediam
414 1561 511 1621 lerme
530 1567 654 1622 noctem
668 1565 787 1625 1444444
800 1560 937 1625 alvariis
953 1559 1184 1628 dimumaubus

202 1644 271 1706 viae
285 1653 416 1706 4444144
437 1645 468 1705 14
481 1643 598 1719 regiam
611 1642 774 1719 ingressus
788 1650 845 1707 est
868 1659 905 1705 44
918 1643 1035 1707 Perseo
1050 1644 1103 1720 qui
1116 1643 1184 1709 Pel·

202 1729 252 1789 lae
273 1734 437 1804 praeerant
456 1728 592 1789 Eulaeus
611 1727 794 1802 1144144444
814 1735 845 1791 41
862 1728 940 1803 regii
954 1728 1043 1804 pueri
1057 1736 1183 1804 praesto

203 1819 298 1872 eraut.
319 1819 427 1873 eontra
445 1827 484 1873 ea
503 1810 688 1887 amicorum,
712 1811 764 1887 qui
784 1811 835 1875 4111
849 1811 909 1875 4114
924 1826 1001 1875 oasu
1015 1810 1130 1879 4444411
1143 1829 1184 1875 ex

119 1962 126 1971 s
203 1894 321 1971 proelio
331 1894 613 1970 Pallomuauerant,
625 1911 696 1957 oum
706 1910 804 1970 saepe
813 1893 956 1959 arcessiti
964 1903 1080 1971 esseut.
1090 1911 1183 1961 nemo

203 1980 332 2041 adeum
352 1979 444 2041 venit
472 1986 536 2040 tros
556 1986 645 2041 erant
663 1985 779 2041 lautum
800 1994 870 2043 4444
884 1979 1032 2054 eelogae
1043 1978 1181 2057 oomites,

203 2054 345 2126 14444144
358 2063 521 2136 cretensis,
537 2062 602 2124 Neo
616 2062 767 2127 Boeotius
780 2069 814 2127 41
822 2061 1029 2127 Archidamus
1042 2064 1182 2127 Aetolus.

202 2164 271 2209 oum
290 2148 344 2224 iis,
364 2149 425 2211 iam
445 2153 603 2222 metuens,
623 2162 680 2223 ne,
701 2147 756 2222 441
773 2146 879 2209 venire
898 2147 939 2209 ad
954 2161 990 2209 44
1004 2147 1183 2223 4144444441,

202 2229 301 2293 maius
316 2232 434 2308 aliquid
446 2248 521 2294 mox
539 2232 706 2305 auderent,
726 2237 837 2307 quarta
848 2229 953 2305 4141114
965 2231 1111 2307 prolusit
1132 2248 1182 2295 ss·
1315 2236 1319 2247 ⁴

202 2315 263 2377 4411
286 2331 358 2377 eum
381 2321 453 2377 sunt
469 2315 644 2377 'admodum
669 2314 828 2390 quingenti
852 2313 1024 2379 Cretenses.
1058 2315 1184 2390 petebat

200 2399 425 2475 Amphipolim:
452 2398 508 2458 sed
530 2404 622 2459 noete
642 2414 662 2457 a
680 2396 765 2461 Pella
778 2397 910 2473 exierat,
924 2413 1098 2473 properetis
1112 2406 1183 2463 4414

199 2482 418 2544 luoemAximu
428 2494 549 2540 amnem
559 2480 700 2555 lraieere,
710 2496 781 2543 eum
790 2481 883 2545 finem
894 2482 1046 2557 sequendi
1054 2489 1182 2558 propter

201 2565 408 2626 difficultatem
422 2561 570 2624 transitus
584 2562 651 2623 lore
664 2569 751 2625 ratus
764 2563 921 2629 Romanis.

283 2647 387 2707 XLIV.
403 2645 662 2720 044ευί444444
677 2662 713 2708 se
726 2647 758 2711 iu
773 2656 875 2713 444144
890 2648 988 2715 vietor
1000 2650 1180 2727 recepisset,

200 2746 241 2791 44
261 2730 383 2791 sincero
404 2728 517 2805 gaudio
533 2731 703 2804 frueretur,
724 2732 1196 2799 444144444411144444

199 2814 290 2874 labat
317 2812 350 2873 Ρ.
370 2813 475 2890 Seipio
495 2812 523 2877 is
544 2821 625 2891 erat,
645 2815 814 2879 Airioaous
826 2823 857 2877 et
874 2816 1069 2892 1444444144
1081 2817 1182 2880 deleta

200 2897 379 2974 carthagine
394 2900 583 2975 appellatus,
595 2899 741 2963 naturalis
757 2898 894 2963 44444114
908 2899 994 2963 Pauli
1008 2899 1105 2976 filius,
1125 2902 1179 2967 ad·

201 2979 1181 3060 4411444114144414444414444114444441441444411444444414

200 3078 312 3139 agens,
334 3066 538 3143 quodipsum
551 3083 656 3131 euram
670 3067 817 3143 augebat,
838 3066 916 3133 dum
926 3067 1028 3133 411444
1041 3069 1181 3144 sequitur
1310 3098 1319 3118 <

162 3190 166 3199 .
198 3147 319 3222 hostes,
331 3149 362 3209 14
378 3156 496 3225 partem
510 3151 601 3212 411444
614 3150 705 3213 turba
719 3151 838 3215 ablatus
849 3159 931 3222 44414
954 3158 985 3212 41
998 3151 1102 3215 serius
1111 3167 1180 3219 41114

197 3231 339 3309 redisset,
354 3238 427 3294 1444
441 3233 573 3310 demum,
587 3241 717 3310 recepto
729 3235 849 3310 sospite
864 3235 940 3310 lilio,
952 3233 1106 3301 1114144144
1115 3242 1178 3303 teu

201 3323 252 3376 144
264 3317 411 3392 modium
426 3319 536 3378 444441
550 3317 656 3381 sensit.

282 3399 492 3477 Amphipolim
507 3399 647 3463 4444144
662 3401 878 3476 1444444444
885 3400 1092 3477 pervenisset.
1106 3418 1176 3466 444·

199 3495 373 3560 elususque
385 3484 592 3545 matronarum
605 3481 637 3543 14
650 3484 798 3561 templum
811 3483 935 3560 1114444,
958 3500 1050 3560 quam
1063 3486 1179 3551 Tauro·
1257 3540 1263 3545 .
