2642 4017
301 236 417 298 LIBER
427 237 530 296 XLIV.
557 237 640 296 CAP·
653 245 753 299 30:31.
768 244 804 311 [a.
817 245 849 296 C.
862 245 924 312 168]
1030 237 1093 303 237
1128 192 1132 200 ⁸

114 393 177 454 boc
198 399 324 466 propter
343 388 560 464 ignobilitatem
576 394 735 464 paternam
749 390 849 450 minus
869 399 1016 465 suspecto
1029 390 1096 453 Pla·

113 484 215 539 torem
231 472 344 557 occidit
358 480 389 535 et
402 473 481 534 duos
497 473 613 534 amicos
628 471 706 547 eius,
720 473 860 534 Ettritum
874 481 904 534 et
917 474 1095 549 Epicadum,

115 559 265 635 impigros
285 555 386 631 viros,
412 573 474 633 quo
498 554 592 617 tutius
612 563 766 631 regnaret.
798 557 879 617 lama
899 558 956 618 luit
974 557 1097 620 Honunl

114 643 330 705 Dardanorum
352 640 506 716 principis
520 639 614 699 liliam
626 640 747 700 Etutam
763 648 854 715 pacto
870 642 1038 702 hairicum
1051 641 1097 702 in·

114 726 244 800 vidisse,
259 731 414 799 tamquam
428 722 477 784 hls
492 722 607 799 nuptiis
622 722 799 798 adiungenti
814 725 873 784 sibi
886 724 1097 787 Dardanorum

115 817 253 886 gentem:
275 814 305 868 et
319 807 501 868 simillimum
518 807 551 867 id
562 823 636 867 vero
647 807 720 867 lecit
731 807 822 868 ducta
832 808 967 883 eavirgo
977 807 1098 871 Platore

116 894 288 955 interiecto.
310 892 413 966 mavis
428 890 555 965 deinde,
577 892 702 966 dempto
717 890 818 953 fratris
833 898 923 967 metu,
938 892 1094 968 populari·

115 979 270 1038 busesse
292 973 409 1050 coepit3
432 982 462 1035 et
481 975 656 1035 violentiam
669 974 791 1035 insitam
812 975 934 1051 ingenio
948 975 1096 1053 intompe

116 1061 215 1122 rantia
229 1059 292 1118 vini
306 1058 503 1119 accendebat.
526 1065 669 1132 ceterum,
685 1058 764 1120 sicut
778 1068 849 1120 ante
859 1053 972 1121 dictum
983 1067 1040 1134 est,
1055 1061 1097 1121 ad

116 1147 288 1206 Romanum
313 1143 455 1202 incitatus
482 1141 597 1202 bellum
614 1142 738 1204 Lissum
762 1159 870 1205 omnes
896 1144 1002 1219 coplas
1023 1161 1094 1206 con-

116 1228 217 1290 traxit.
240 1225 414 1302 quindecim
429 1225 511 1286 milia
525 1231 709 1287 armatorum
724 1226 853 1288 luerunt.
873 1226 945 1286 inde
959 1228 1051 1287 lratre
1064 1228 1096 1288 in

117 1312 279 1373 Caviorum
300 1316 421 1385 gentem
440 1310 472 1369 vi
494 1318 546 1369 aut
565 1316 682 1371 terrore
699 1309 905 1386 subigendam
925 1325 995 1370 cum
1015 1309 1097 1370 mille
1181 1326 1188 1339 ·

116 1394 272 1472 peditibus
293 1403 324 1455 et
344 1392 565 1469 quinquaginta
584 1393 738 1467 equilibus
752 1391 860 1465 misso,
880 1392 951 1467 ipse
964 1394 1006 1454 ad
1018 1393 1095 1453 Bas·

117 1480 237 1540 saniam
256 1478 363 1539 urbem
385 1477 521 1552 quinque
539 1475 623 1535 milia
636 1476 676 1536 ab
690 1476 779 1537 Lisso
796 1476 888 1536 ducit.
917 1476 994 1536 socii
1010 1483 1096 1538 erant

115 1564 339 1623 Romanorum:
363 1562 466 1634 ltaque
485 1575 542 1635 per
560 1559 752 1634 praemissos
770 1560 893 1621 nuntios
914 1558 1001 1633 prius
1021 1567 1093 1621 tem·

116 1648 192 1722 ptati
207 1645 398 1706 obsidionem
414 1644 475 1719 pati
491 1659 582 1719 quam
598 1642 712 1702 dedere
727 1658 798 1703 sese
808 1644 989 1703 maluerunt.
1006 1642 1095 1704 Cara-

115 1729 262 1790 vandium
271 1728 411 1789 incaviis
421 1727 568 1788 Durnium
580 1726 728 1801 oppidum
741 1726 953 1788 advenientem
963 1726 1096 1802 benigne

7 1832 8 1837 ¹
117 1814 252 1889 accepit,
278 1811 463 1872 caravandis
485 1812 580 1872 altera
598 1811 674 1870 urbs
694 1811 833 1871 exclusit.
862 1818 892 1870 et
912 1827 982 1871 curn
1001 1827 1094 1885 agros

117 1913 224 1958 eorum
253 1896 352 1956 effuse
371 1896 524 1970 'vastaret,
550 1894 669 1969 aliquot
688 1894 781 1968 palatl
800 1893 911 1954 milites
932 1895 1096 1969 agrestium

6 2012 8 2017 ⁴
117 1997 271 2042 concursu
291 1979 441 2040 interlecti
461 1986 540 2040 sunt.
569 1976 629 2038 iam
644 1986 675 2042 ct
687 1980 749 2053 Ap.
764 1978 909 2038 claudius
922 1977 1095 2051 adsumptis

117 2064 157 2124 ad
173 2080 242 2125 eum
256 2062 431 2137 exercitum,
454 2079 546 2138 quern
559 2060 701 2134 habebat
716 2062 908 2143 Bullinorum
922 2066 953 2121 et
965 2061 1094 2135 Apollo·

7 2156 8 2177 *
118 2147 242 2209 niallam
256 2155 286 2208 et
298 2146 579 2224 Dyrrhachinorum
595 2145 716 2207 auxiliis
731 2146 888 2221 proiectus
903 2160 943 2204 ex
956 2142 1093 2203 hibernis

117 2233 199 2293 circa
214 2232 370 2292 Genusum
384 2246 504 2291 amnem
519 2236 620 2291 castra
634 2228 774 2304 habebat,
790 2229 894 2296 audito
909 2227 1035 2307 loedere
1048 2228 1093 2287 in·
1158 2278 1159 2281 ,

117 2324 163 2376 ler
181 2315 295 2376 Persea
316 2322 346 2375 et
367 2315 521 2387 Genuum,
547 2321 578 2374 et
597 2315 766 2388 legatorum
783 2313 965 2374 vlolatonun
985 2312 1095 2372 iniuria

116 2415 284 2473 accensus,
309 2399 422 2459 bellum
446 2398 530 2459 haud
554 2396 646 2459 dubie
672 2399 823 2458 adversus
848 2412 917 2457 eum
941 2402 1109 2472 gesturus·
1208 2396 1211 2402 “

115 2484 244 2544 Anicius
264 2488 390 2558 praetor
411 2498 448 2543 eo
469 2491 608 2557 tompore
628 2482 813 2558 Apolloniae
833 2479 946 2541 auditis
970 2479 1094 2555 quaein

114 2567 238 2644 Illyrico
253 2563 445 2640 gererentur,
466 2567 707 2642 praemissisque
721 2566 912 2641 adAppinm
926 2563 1047 2637 litteris,
1062 2570 1096 2624 ut

117 2664 152 2708 sa
167 2650 207 2707 ad
223 2649 379 2706 Genusum
391 2651 591 2722 opperiretur,
605 2651 707 2711 triduo
718 2649 826 2725 etipse
837 2651 868 2709 in
881 2655 982 2709 castra
993 2646 1093 2717 vemt3

117 2737 149 2789 et
162 2729 202 2787 ad
216 2745 253 2788 ea
268 2743 348 2803 quae
361 2728 494 2788 habebat
504 2730 617 2790 auxilia
626 2732 838 2792 Parthinorum
850 2732 960 2791 iunctis
973 2730 1094 2792 duobus

118 2810 239 2872 milibus
259 2809 396 2888 pediturn
417 2819 447 2870 et
465 2811 618 2885 equitibus
639 2815 778 2873 ducentis
793 2848 836 2859 -
855 2813 1008 2888 peditibus
1022 2814 1094 2889 Epi-

117 2897 230 2969 cadus,
253 2892 408 2970 equitibus
422 2895 568 2968 Algalsus
583 2903 725 2979 praeerat
738 2927 781 2943 -··
795 2896 922 2970 parabat
936 2897 1049 2957 ducere
1063 2898 1095 2956 in

114 2980 280 3058 Illyricum,
294 2977 427 3037 maxime
436 2985 470 3038 ut
479 2977 657 3038 Bassanitas
670 2981 805 3039 solveret
816 2979 986 3041 obsidione.
999 2981 1095 3041 tenuit

115 3062 799 3141 impetumeiuslamalembornmvastantium
810 3061 1093 3127 maritimam'oram.
1113 3139 1116 3144 1

116 3151 271 3225 octoginta
285 3152 372 3208 erant
387 3147 492 3222 lembi,
515 3156 640 3207 anctore
652 3147 828 3208 Pantaucho
850 3149 936 3209 missi
952 3165 971 3208 a
985 3142 1093 3210 Gentio

115 3235 155 3292 ad
174 3231 455 3311 Dyrrhachinorum
475 3238 505 3291 et
525 3231 765 3307 Apolloniatium
780 3247 872 3308 agros
887 3233 1093 3310 populandos.

113 3326 177 3376 tum
192 3316 302 3377 classis
317 3315 357 3375 ad

115 3489 146 3542 to
165 3498 203 3542 eo
223 3481 412 3543 tradiderunt
433 3500 477 3544 se.
505 3483 609 3544 XXXI.
631 3484 781 3559 deinceps
802 3492 832 3544 at
851 3482 943 3542 urbes
958 3477 1092 3552 regionis
