2642 4017
243 293 286 358 aa
379 295 494 355 umen
513 294 645 354 xxxin
668 293 752 354 can.
765 302 865 355 nn.
887 299 924 367 [a.
938 298 1084 367 aanor]

240 447 383 510 omnibus
397 446 435 507 iis
451 445 632 521 civitatibus,
649 446 761 521 quibus
777 461 846 507 cum
859 461 934 521 rege
948 444 1131 522 disceptatio
1146 456 1222 521 erat,

239 531 402 593 concilium
416 530 561 591 indictum
578 535 634 591 est
655 530 748 590 XXV.
771 528 813 590 ibi
827 545 897 590 oum
911 530 1039 592 Romani
1054 530 1145 606 legati
1159 529 1223 593 dis-

239 622 429 691 ceptatorum
455 615 540 687 loco,
566 612 705 674 Thessali
732 613 959 690 Perrhaebique
984 621 1016 673 et
1033 613 1223 675 Athamanes

237 699 322 762 haud
344 698 428 760 dubii
448 704 661 771 accusatores,
681 694 840 771 Philippus
862 697 901 756 ad
923 696 1077 758 audienda
1097 697 1225 759 crimina

237 790 394 859 tamquam
413 797 487 842 reus
508 779 737 854 consedissent,
758 796 816 855 pro
831 780 952 854 ingenio
969 782 1103 856 quisque
1117 797 1225 843 eornm

231 868 292 942 ,qui
307 864 464 942 principes
479 863 664 939 legationum
678 869 765 924 erant
778 868 809 923 et
822 863 919 938 gratia
933 879 1002 924 oum
1014 863 1155 940 Philippo
1172 872 1226 927 aut

239 951 312 1011 odio
334 948 475 1008 acerbius
496 947 636 1007 leniusve
656 952 792 1023 egerunt.
820 947 851 1006 in
867 947 1108 1009 controversiam
1123 954 1225 1010 autern

237 1028 404 1097 veniebant
416 1028 640 1107 Philippopolis
654 1030 762 1090 Tricca
774 1029 914 1090 Phaloria
934 1035 965 1092 et
976 1030 1173 1110 Eurymenae
1194 1038 1226 1093 et

238 1121 340 1176 cetera
355 1114 436 1175 circa
451 1130 504 1175 eas
520 1114 637 1191 oppida
650 1121 751 1175 utrum
764 1113 982 1175 Thessalorum
996 1114 1085 1186 iuris,
1108 1130 1177 1176 cum
1192 1116 1224 1176 vi

237 1200 399 1275 ademptae
420 1213 654 1273 possessaeque
673 1197 713 1258 ab
727 1197 847 1258 Aetolis
864 1198 1097 1260 locent-uam
1110 1198 1223 1275 Philip·
1312 1221 1313 1224 ¹

237 1300 312 1359 pum
326 1283 444 1343 Aetolis
465 1281 619 1342 ademisse
639 1296 694 1342 eas
709 1281 870 1342 constabat
881 1313 939 1355 -,
961 1296 1000 1341 an
1013 1283 1154 1343 Aetolica
1169 1299 1224 1342 an-

236 1366 364 1443 tiquitus
379 1382 417 1427 ea
432 1365 548 1441 oppida
562 1364 709 1425 inissent:
730 1364 772 1424 ita
786 1365 866 1424 euim
876 1364 1007 1425 Acilium
1017 1365 1083 1439 regi
1095 1380 1224 1427 conces·

237 1451 328 1524 sisse,
346 1447 374 1510 si
388 1450 567 1510 Aetolorum
582 1448 722 1521 luissent,
738 1449 765 1508 si
778 1449 949 1523 voluntate,
963 1463 1025 1508 non
1040 1448 1069 1509 si
1084 1449 1114 1509 vi
1128 1457 1225 1525 atque

237 1535 330 1595 armis
348 1534 447 1595 coacti
470 1549 539 1593 cum
555 1532 674 1609 Aetolis
690 1539 805 1593 essent.
836 1532 976 1591 eiusdem
993 1532 1141 1593 formulae
1159 1532 1224 1593 dis·

237 1616 369 1693 ceptatio
394 1617 434 1676 de
459 1615 702 1677 Perrhaeborum
732 1615 969 1691 Magnetumque
999 1615 1123 1691 oppidis
1149 1613 1221 1679 luite

238 1701 372 1762 omnium
393 1700 473 1759 enim
495 1701 561 1760 iura
575 1699 768 1775 possidendo
782 1714 839 1774 per
854 1697 1036 1759 occasiones
1051 1699 1153 1760 Aetoli
1167 1700 1222 1759 nri·

237 1790 390 1846 acuerant.
422 1783 462 1843 ad
477 1783 568 1855 haec,
591 1798 673 1859 quae
694 1782 924 1857 dIsceptatiouis
943 1790 1044 1856 erant,
1066 1784 1223 1857 querellae

235 1868 453 1929 Thessalorum
468 1866 622 1940 adiectae,
644 1867 729 1941 quod
741 1882 779 1927 ea
793 1866 923 1941 oppida,
941 1866 968 1925 si
982 1866 1042 1925 hun
1055 1865 1223 1926 redderen-

237 1959 285 2012 tur
300 1952 369 2026 sibi,
383 1949 516 2025 spoliata
526 1965 563 2010 ac
575 1950 699 2010 deserta
709 1948 885 2010 redditurus
896 1955 995 2009 assota
1017 1966 1087 2009 narn
1101 1958 1225 2025 praeter

205 2030 206 2033 ’
236 2036 307 2095 belli
329 2034 453 2095 casibus
474 2032 607 2092 amissos
630 2034 814 2106 quingentos
836 2032 991 2108 principes
1012 2032 1177 2094 iuventutis
1191 2034 1222 2092 in

236 2116 448 2178 Macedoniam
462 2115 645 2188 abduxisse,
667 2121 697 2175 et
712 2130 809 2190 opera
823 2131 928 2176 eorum
944 2116 974 2175 in
990 2115 1154 2177 servilibus
1168 2117 1223 2177 ab·

236 2199 280 2261 uti
294 2198 485 2267 ministerum
508 2204 538 2258 et
552 2213 632 2271 quae
646 2198 814 2260 reddiderit
828 2206 953 2260 coactus
967 2199 1140 2273 Thessalis,
1155 2200 1225 2262 inu·

237 2281 300 2344 tilia
309 2291 343 2345 ut
352 2283 497 2343 redderet
508 2296 645 2342 curasse.
666 2282 1028 2348 ThebasPhthiasunum
1039 2281 1223 2345 maritimum

236 2368 407 2442 emporium
415 2365 523 2427 luisse
542 2366 697 2441 quondam
710 2365 867 2428 Thessalis
882 2374 1102 2442 quaestuosum
1116 2373 1148 2429 et
1161 2368 1222 2428 iru-

235 2452 382 2527 giierum=
408 2448 451 2510 ibi
470 2449 600 2511 navibus
623 2449 773 2511 onerariis
794 2449 979 2526 comparatis
998 2465 1119 2526 regem,
1142 2467 1223 2526 quae

236 2542 360 2610 praeter
372 2532 493 2593 Thebas
507 2533 732 2594 Demetriadem
747 2549 871 2594 cursum
885 2534 1065 2609 dirigerent,
1082 2534 1212 2611 negotia·

236 2618 350 2678 tlonem
370 2616 549 2675 maritimam
570 2632 691 2677 omnem
705 2633 744 2677 eo
758 2617 917 2678 avertisse.
948 2618 1009 2677 iarn
1024 2633 1064 2678 ne
1078 2618 1222 2694 elegatis

237 2699 376 2775 quidem,
392 2698 444 2775 qui
457 2696 524 2760 iure
538 2700 673 2773 gentimn
688 2700 785 2761 sancti
800 2701 869 2775 sint,
883 2700 1035 2762 violandis
1050 2700 1221 2762 abstinere:

236 2783 364 2843 iusidias
384 2783 503 2857 positas
518 2783 660 2845 euntibus
675 2784 715 2843 ad
728 2784 760 2841 T.
776 2784 955 2858 Quinctium.
983 2783 1088 2860 itaque
1102 2800 1177 2860 ergo
1191 2785 1221 2844 iu

236 2874 351 2928 tantum
366 2873 480 2927 metum
494 2883 601 2929 omnes
615 2868 781 2927 Thessalos
796 2866 964 2942 coniectos,
978 2875 1090 2929 utnon
1104 2868 1135 2927 iu
1147 2867 1221 2928 civi·

236 2950 349 3012 tatibus
365 2950 440 3024 suis,
457 2966 519 3011 non
530 2950 561 3010 in
573 2950 785 3011 communibus
797 2950 895 3026 gentis
907 2952 1045 3013 conciliis
1057 2951 1221 3029 quisquam

237 3033 358 3095 hiscere
383 3033 505 3095 audeat.
542 3035 651 3109 procul
675 3034 756 3095 enim
776 3035 889 3095 abesse
910 3034 1057 3096 libertatis
1077 3042 1222 3097 auctores

236 3118 410 3178 Romanos=
424 3117 510 3178 lateri
523 3117 690 3178 adhaerere
699 3132 824 3193 gravem
836 3119 1000 3195 dominum,
1008 3119 1222 3195 prohibentem
1311 3185 1314 3192 ,

236 3200 280 3264 uti
299 3200 458 3262 beneficiis
480 3200 586 3277 populi
600 3202 737 3263 Romani.
772 3202 847 3278 quid
866 3208 982 3278 autem,
1003 3202 1031 3262 si
1048 3220 1112 3265 vox
1125 3201 1223 3262 libera

236 3301 298 3347 non
317 3285 371 3361 sit,
392 3284 520 3346 liberum
536 3291 628 3345 esset
649 3301 731 3346 nunc
745 3301 781 3347 se
795 3286 909 3347 fiducia
923 3297 953 3346 et
967 3286 1123 3361 praesidio
1138 3288 1221 3360 lega·

236 3376 336 3431 torum
350 3369 552 3445 ingemiscere
566 3368 664 3445 magis
680 3386 772 3446 quam
786 3371 881 3445 loqui.
903 3369 962 3430 nisi
975 3369 1157 3444 provideant
1167 3368 1220 3429 ali·

238 3454 313 3530 quid
330 3454 475 3528 Romani,
498 3470 560 3530 quo
581 3459 610 3514 et
631 3453 757 3515 Graecis
778 3453 991 3514 Macedoniam
1010 3450 1221 3515 accolentibus

236 3546 335 3601 metus
353 3547 383 3601 et
403 3539 532 3604 audacia
546 3537 677 3614 Philippi
698 3538 863 3603 minuatur.
885 3537 1074 3614 nequiquam
1092 3543 1124 3598 et
1137 3535 1220 3597 illum
