2642 4017
317 264 432 329 uinus
445 268 550 329 κων.
572 268 656 329 cnr.
671 278 716 331 n.
737 269 774 346 [a.
791 272 900 349 ωδε]
1036 269 1099 335 aaa

116 418 222 484 rendis
236 420 397 481 adiuturos
408 434 489 480 esse.
512 417 589 480 baec
601 417 711 495 partim
723 417 841 495 opinari
852 420 961 496 partim
973 436 1098 497 sperarc

116 520 257 584 possum.
279 502 354 564 illud
368 502 531 563 adfirmare
546 518 603 579 pro
621 510 705 564 certo
725 502 826 564 habco
846 504 1024 579 audeoque,
1049 521 1099 566 me

116 589 200 652 omni
214 603 276 663 cpe
290 586 467 647 adnisurum
481 602 568 660 csse,
590 602 631 647 ne
651 587 764 647 trustra
784 603 842 648 vos
862 586 943 648 hanc
957 603 1045 663 spem
1059 588 1099 649 de

34 710 37 715 -
115 689 167 735 nra
192 669 406 746 conceperitis.
441 686 521 744 quae
542 669 581 731 ad
603 670 715 731 bellam
736 686 817 745 opus
838 677 910 731 sunt
929 677 960 732 et
973 678 1098 736 senatus

116 754 262 828 decrevit,
275 760 306 814 et
317 753 465 830 'quoniam
478 753 632 830 extemplo
646 753 802 828 proticisci
814 754 915 830 placet
926 770 1027 831 neque
1039 769 1098 830 ego

116 841 148 903 in
168 854 255 899 mora
274 854 358 911 snrn,
378 836 410 898 c.
431 836 565 899 Licinius
585 838 719 912 collega,
745 837 792 897 vir
812 835 971 913 egregius,
999 853 1099 915 aeque

118 923 209 985 enixe
230 920 349 998 parabit
368 935 406 980 ac
428 922 455 982 si
476 921 544 997 ipsa
563 920 596 981 id
614 921 727 981 bellum
747 927 890 996 gesturus
911 927 1004 982 esset.
1039 937 1097 983 vos

119 1022 199 1082 quae
210 1006 366 1081 scripsero
378 1005 497 1066 senatui
510 1003 657 1066 autvobis
668 1005 770 1066 habete
776 1021 835 1081 pro
844 1008 942 1067 certas
957 1019 1097 1067 rumores

118 1088 297 1150 credulitate
310 1095 415 1149 vestra
428 1104 468 1149 ne
482 1088 578 1163 alatis,
594 1103 724 1164 quorum
734 1094 842 1151 auctor
853 1104 942 1150 namo
954 1086 1097 1155 exstabit.

119 1189 189 1236 uam
204 1187 285 1234 nunc
300 1172 425 1248 quidem
440 1172 525 1248 quod
538 1172 631 1248 vulgo
645 1172 728 1249 lieri,
749 1172 808 1233 hcc
826 1172 992 1249 praecipue
1006 1173 1096 1247 bello,

118 1255 327 1331 animadverti,
342 1271 432 1317 nemo
447 1264 508 1318 tam
523 1255 622 1317 lamae
637 1263 829 1332 contemptor
848 1264 910 1330 est,
932 1254 1020 1316 cuius
1035 1271 1096 1316 non

119 1339 266 1401 debilitari
282 1338 401 1423 animus
415 1339 523 1415 possit
546 1341 577 1399 in
589 1339 730 1401 omnibus
742 1340 874 1413 circulis,
889 1345 983 1414 atque
997 1339 1098 1412 etiam,

116 1424 145 1484 si
167 1423 226 1484 diis
240 1425 354 1499 placet,
376 1423 406 1483 in
427 1421 577 1484 conviviis
591 1429 664 1484 suut
678 1423 730 1498 qai
742 1423 896 1483 exercitus
910 1423 941 1481 in
954 1421 1097 1482 Macedo·
1159 1486 1161 1491 ,

117 1506 200 1567 uiam
220 1507 346 1582 ducant,
371 1506 425 1568 ubi
445 1513 546 1567 castra
564 1505 697 1567 locanda
712 1503 775 1567 sint
788 1506 900 1578 sciant,
925 1519 1004 1580 quae
1029 1505 1098 1565 loca

117 1589 284 1667 praesidiis
298 1590 488 1667 occupanda,
503 1588 627 1665 quando
643 1595 696 1649 aut
710 1604 772 1664 quo
787 1590 867 1649 saltu
881 1587 1021 1648 intranda
1033 1586 1099 1647 Ma·
1172 1658 1175 1665 ⁴

119 1674 262 1749 cedonia,
272 1674 324 1745 ubi
337 1672 448 1735 horrea
462 1672 616 1749 ponende,
630 1687 692 1747 qua
704 1677 787 1732 terra
800 1672 875 1732 mari
889 1670 1098 1733 subvehantur

47 1777 50 1782 ·
119 1765 316 1832 commeatus,
327 1757 529 1833 quandocum
540 1756 631 1818 hoste
640 1771 750 1816 manns
764 1755 984 1830 conserendae,
1000 1771 1097 1831 quan·

119 1841 160 1903 do
175 1841 301 1917 quiesse
315 1842 356 1903 sit
369 1841 485 1902 melius.
520 1855 577 1900 nac
593 1839 668 1916 quid
682 1839 854 1901 lacicndum
874 1840 914 1901 sit
927 1840 1020 1901 modo
1036 1846 1098 1900 sta·

119 1930 215 1999 tuunt,
230 1926 287 1986 sad
302 1925 451 2002 quidquid
466 1925 553 1986 aliter
567 1938 659 2001 quam
674 1923 734 1998 ipsi
749 1938 899 1997 censuere
913 1924 1024 1984 lactum
1041 1929 1097 1995 est,

119 2010 278 2071 consulam
291 2008 481 2077 aalaidicta
496 2009 546 2069 dic
559 2012 715 2068 accusant
749 2006 826 2067 baec
845 2021 956 2082 magna
971 2003 1098 2081 impedi·

118 2099 220 2154 menta
233 2108 284 2154 res
298 2093 473 2169 gerentibus
488 2099 573 2153 suut:
597 2105 700 2172 noque
720 2089 801 2151 enim
822 2105 929 2151 omncs
946 2095 1006 2149 tam
1020 2087 1098 2147 tirmi

118 2177 330 2239 ct‘constantis
345 2176 436 2238 animi
452 2182 559 2239 contra
572 2174 739 2235 adversum
759 2188 913 2234 rumorem
933 2181 1004 2232 esse
1025 2186 1098 2245 pos-

119 2268 204 2336 sunt,
227 2277 318 2337 quarn
336 2260 449 2323 Fabius
471 2261 541 2335 luit,
567 2258 620 2335 qui
638 2273 729 2318 suum
749 2255 909 2332 imperium
925 2254 1019 2315 minui
1044 2268 1101 2329 per

118 2344 282 2406 vanitatem
301 2345 407 2420 populi
429 2343 646 2419 maluitanum
665 2341 803 2402 secunda
827 2342 908 2400 lama
932 2341 1011 2399 mala
1035 2352 1099 2398 rem

100 2450 103 2455 ·
118 2427 272 2504 publicam
281 2443 403 2503 gerare.
439 2444 501 2490 non
516 2443 585 2488 sum
599 2426 642 2502 is,
665 2429 793 2500 quinon
808 2423 979 2484 existimem
992 2422 1099 2482 adma-

119 2512 239 2575 ncndos
251 2512 348 2573 duces
359 2527 445 2573 assez
460 2513 552 2573 immo
564 2526 642 2586 eum,
658 2507 763 2587 quide
778 2525 836 2572 sua
846 2507 938 2570 unius
950 2503 1101 2568 sententia

119 2595 221 2656 omnia
240 2602 340 2670 gerat,
366 2596 533 2670 superbum
559 2594 661 2656 iudico
687 2593 785 2669 magis
808 2608 899 2670 quam
918 2590 1099 2666 sapientem.

120 2678 195 2753 quid
210 2692 284 2752 argo
299 2684 369 2738 estt
403 2677 535 2753 primum
550 2694 568 2737 a
583 2678 786 2753 prudentibus
802 2685 833 2739 et
846 2673 972 2753 proprie
985 2674 1030 2734 rei
1045 2672 1100 2733 mi-

119 2757 215 2818 litaris
241 2757 346 2832 paritis
372 2768 402 2820 ct
421 2776 482 2819 usu
502 2760 601 2819 doctis
621 2760 765 2821 monendi
787 2761 989 2836 imperatores
1011 2763 1099 2826 suuis

120 2841 233 2901 deinde
247 2840 285 2899 ab
299 2840 348 2899 his
362 2842 415 2916 qui
429 2842 579 2902 intersunt
592 2841 736 2915 gerendis
750 2839 791 2880 **
807 2844 886 2916 loco,
903 2842 955 2918 qui
969 2840 1100 2915 bostem,

119 2922 173 3000 qui
189 2930 361 2999 temporum
376 2922 632 3000 opportunitatem
645 2924 759 2997 vident,
782 2924 834 2999 qui
847 2924 879 2984 in
895 2924 1004 2984 codem
1018 2925 1102 2985 velut
1156 2991 1159 2996 ,

119 3005 242 3084 navigio
257 3007 424 3085 participes
438 3013 510 3068 sunt
522 3005 660 3083 parienti.
694 3005 799 3081 itaqua
822 3007 849 3067 si
870 3009 940 3083 quis
960 3016 1022 3083 est,
1048 3008 1101 3083 qui

8 3112 20 3131 ·
120 3092 204 3168 quod
218 3108 236 3153 a
250 3107 284 3161 re
298 3090 421 3169 publica
433 3092 474 3153 sit
488 3090 619 3151 suadere
637 3105 672 3151 se
693 3088 766 3150 mihi
786 3090 816 3149 in
837 3106 875 3151 eo
895 3089 992 3165 bello,
1015 3090 1100 3168 quod

0 3216 1 3220 =
118 3182 260 3252 gesturus
275 3191 353 3250 sum,
370 3176 513 3248 conlidat,
529 3175 556 3236 is
570 3190 610 3234 ne
624 3174 757 3248 deneget
767 3189 893 3251 operam
903 3175 948 3236 rai
960 3177 1100 3252 publicae

118 3268 149 3325 et
159 3261 190 3320 in
200 3259 414 3322 Macedoniarn
424 3275 545 3321 mecum
555 3259 665 3319 veniat.
687 3260 1110 3334 navc,equo,tabernaculo,·

119 3343 229 3406 viatico
250 3345 341 3405 etiam
361 3361 381 3405 a
399 3361 449 3406 me
468 3342 629 3405 iuvabitur.
665 3342 693 3403 si
709 3357 799 3418 quam
820 3343 852 3403 id
879 3344 982 3404 lacere
1007 3342 1099 3416 piget,

119 3427 213 3489 ouum
232 3428 383 3489 urbanum
403 3426 525 3490 militiae
545 3425 703 3489 laboribus
724 3433 901 3503 praeoptat,
922 3441 940 3484 e
960 3433 1041 3486 terra
1061 3436 1101 3481 ne

119 3512 342 3586 gubcmavaric
375 3528 550 3574 sermonum
565 3512 640 3572 satis
655 3511 726 3587 ipsa
739 3510 867 3601 praebat
879 3507 963 3567 urbs.
991 3507 1097 3580 loque·
1129 3600 1132 3605 Ι
