2642 4017
250 301 512 364 usnemun
536 285 624 362 cnr?
635 310 679 365 16.
691 309 735 366 rr.
759 308 794 376 [a
808 308 914 376 erce]
1030 305 1069 369 ns

100 466 180 512 sacra
204 458 334 510 externa
356 448 423 512 lieri
446 456 598 526 vetarent,
622 450 814 514 sacrificulos
835 462 984 530 vatesque
1005 456 1072 520 iuro

99 532 174 594 circo
185 534 261 595 urbe
273 533 480 610 prohiberent,
487 533 648 596 vaticinios
659 535 755 597 libros
768 536 984 613 conquirerent
991 554 1072 601 com

99 618 307 693 burerentque,
316 634 437 679 omnem
444 617 637 694 disciplinam
649 618 846 681 sacrificandi
857 626 1074 697 praeterquam

98 717 175 761 more
187 702 330 762 Romano
351 702 518 763 abolerent.
545 700 722 764 iudicabant
742 702 822 765 enim
843 705 1074 780 prudentissimi

98 785 146 844 viri
167 784 267 847 omnis
289 785 384 846 divini
403 785 590 861 humanique
608 786 683 847 iuris
699 786 772 847 nibil
787 803 887 864 aeque
902 789 1074 851 dissolven-

98 868 149 927 dae
161 868 322 945 religionis
337 885 418 944 esse,
434 886 526 946 quam
540 871 593 931 ubi
607 887 669 932 non
685 871 784 946 patrio
800 872 856 932 sed
872 879 1000 934 externo
1015 874 1075 934 ritu

97 952 326 1015 sacrificaretur.
347 953 424 1014 haec
438 954 528 1015 vobis
543 953 751 1030 praedicenda
764 963 849 1016 ratus
865 972 943 1031 snm,
958 973 998 1018 ne
1012 973 1075 1034 qua

97 1037 267 1110 superstitio
283 1038 411 1113 agitaret
424 1037 542 1098 animos
557 1044 695 1111 vestros,
717 1052 785 1098 cum
800 1039 999 1102 demolientes
1014 1058 1073 1103 nos

96 1118 295 1182 Bacchanalia
320 1121 583 1197 discutientesque
606 1123 743 1183 nefarios
768 1130 875 1184 coetus
896 1126 1073 1188 cerneretis.

98 1204 189 1264 omnia
208 1204 269 1265 diis
285 1203 427 1280 propitiis
442 1205 680 1280 volentibusque
695 1221 733 1267 ea
748 1206 911 1279 iaciamus;
934 1208 986 1284 qui
1002 1210 1074 1286 quia

97 1302 177 1347 suum
201 1304 317 1349 numen
344 1289 514 1350 sceleribus
538 1287 778 1366 libidinibusque
803 1292 1002 1353 conaminari
1028 1293 1072 1353 in·

96 1369 179 1445 digne
200 1372 357 1446 ferebant,
378 1387 417 1433 ex
432 1373 561 1435 occrdtis
574 1389 613 1435 ea
625 1373 760 1435 tenebris
774 1375 804 1435 in
819 1377 918 1436 lucem
933 1383 1071 1436 extraxe

95 1460 165 1528 runt,
180 1471 238 1516 neo
254 1455 396 1532 patefieri
405 1464 439 1518 ut
450 1457 598 1533 impunita
609 1464 723 1531 esseni,
738 1458 795 1519 sed
805 1468 839 1520 ut
847 1458 1069 1519 vindicarentur

96 1544 122 1595 et
134 1540 395 1614 opprimerentur,
416 1542 590 1603 voluerunt
617 1548 744 1603 senatus
760 1544 974 1618 quaestionem
988 1550 1075 1603 extra

99 1621 228 1683 ordinem
250 1625 292 1684 de
312 1639 352 1684 aa
370 1639 404 1685 re
417 1623 490 1685 mihi
512 1626 714 1701 collegaeque
727 1641 797 1687 meo
812 1626 977 1686 mandavit.
1005 1642 1074 1702 nos,

98 1707 262 1782 quaeipsis
277 1708 370 1768 nobis
385 1709 506 1783 agenda
519 1717 599 1781 sunt,
614 1708 743 1783 impigre
757 1724 979 1786 exsequemur;
997 1710 1073 1786 vigi·

97 1787 194 1849 liarunr
204 1799 425 1852 nocturnarum
436 1807 541 1853 curam
553 1807 610 1867 per
620 1790 727 1851 urbem
738 1792 906 1854 minoribus
914 1794 1073 1869 magistra·

97 1870 169 1933 tibus
183 1874 409 1937 mandavimus.
442 1891 500 1936 vos
516 1890 642 1951 quoque
656 1889 790 1951 aequum
804 1883 861 1951 est,
876 1893 956 1953 quae
970 1885 1075 1937 vestra

97 1957 189 2017 munia
203 1966 293 2033 sunt,
311 1975 373 2034 quo
389 1960 521 2035 quisque
534 1961 605 2020 loco
620 1958 742 2033 positus
757 1960 829 2034 erit,
845 1959 930 2035 quod
944 1959 1073 2033 impera·

97 2035 177 2112 bitur,
191 2042 325 2118 impigre
340 2051 515 2119 praestare,
533 2050 563 2103 et
576 2043 651 2104 dare
666 2057 807 2118 operam,
822 2058 862 2103 ne
877 2043 950 2117 quid
966 2043 1075 2102 frauda

97 2122 254 2186 noxiorum
267 2125 396 2202 periculi
411 2133 462 2187 aut
475 2128 621 2188 tumultus
637 2127 783 2187 oriatur.‘⁴

171 2208 269 2269 XVII.
290 2210 423 2271 Recitari
438 2210 549 2271 deinde
559 2217 687 2272 senatus
699 2214 839 2273 consulte
850 2211 1014 2284 iusserunt,
1029 2210 1073 2269 in·

98 2288 210 2366 dicique
230 2292 403 2369 praemium
416 2302 661 2370 proposuerunt,
683 2295 710 2356 si
726 2295 796 2372 quis
812 2310 903 2370 quem
917 2295 957 2353 ad
971 2309 1007 2353 sc
1021 2293 1073 2352 de·

99 2371 230 2440 duxisset
246 2393 398 2439 nomenve
412 2379 548 2440 absentis
560 2377 730 2440 detulisset.
754 2377 806 2453 qui
817 2376 991 2438 nominatus
1003 2391 1074 2450 pro-

99 2456 236 2535 fugisset,
261 2462 341 2521 diem
363 2469 477 2522 certam
497 2478 533 2522 se
547 2463 704 2537 finituros,
726 2462 768 2522 ad
782 2477 875 2536 quam
889 2459 949 2519 nisi
964 2458 1074 2519 citatus

98 2545 318 2617 respondisset,
333 2545 449 2606 absens
464 2545 667 2607 damnaretur.
686 2546 713 2606 si
729 2546 798 2620 quis
812 2560 929 2618 eorum,
944 2543 995 2619 qui
1011 2549 1074 2602 tum

99 2631 178 2687 extra
190 2635 304 2688 terram
315 2629 430 2690 Italiam
445 2636 551 2691 essent
561 2627 777 2704 nominaretur,
794 2629 822 2691 ei
835 2627 983 2689 laxiorem
994 2626 1074 2687 diem

99 2706 229 2788 daturos,
250 2713 277 2772 si
290 2712 396 2773 venire
410 2712 450 2774 ad
464 2730 590 2776 causam
605 2714 766 2774 dicendam
780 2713 882 2774 veliet
914 2709 1076 2772 edixerunt
1118 2771 1124 2782 ,

101 2789 213 2870 deinde,
230 2812 270 2857 ne
285 2796 355 2873 quis
371 2797 445 2871 quid
459 2797 550 2873 fugae
564 2813 660 2858 causa
674 2796 855 2858 vendidisse
868 2809 948 2857 neve
961 2794 1074 2864 emisse

101 2876 198 2968 vellet3
227 2896 267 2939 ne
290 2880 360 2956 quis
380 2881 546 2955 reciperet,
573 2882 701 2955 celaret,
727 2896 788 2956 ope
807 2882 870 2940 ralla
889 2878 1008 2939 iuvaret
1028 2877 1042 2936 i
1061 2906 1073 2917 ·

102 2968 221 3027 grentes.

178 3045 325 3107 Contione
346 3046 475 3110 dimissa
494 3055 593 3110 terror
612 3063 742 3123 magnus
757 3045 834 3106 urbe
847 3052 911 3106 tota
925 3044 996 3118 luit,
1017 3057 1075 3103 nec

101 3129 255 3190 moenibus
277 3145 313 3190 se
333 3137 447 3192 tantum
462 3131 548 3193 urbis
563 3138 616 3192 aut
629 3131 743 3192 finibus
756 3129 903 3191 Romanis
918 3127 1074 3201 continuit,

103 3209 153 3269 sed
166 3213 284 3287 passim
298 3229 354 3288 per
367 3222 460 3275 totam
472 3214 596 3288 ltaliam,
611 3215 719 3276 litteris
729 3213 885 3289 hospitum
897 3213 936 3272 de
948 3218 1074 3272 senatus

104 3298 235 3357 consulto
258 3306 289 3358 et
308 3298 452 3359 contione
472 3306 502 3359 et
516 3298 616 3360 edicto
633 3299 793 3360 consutum
809 3294 960 3372 acceptis,
981 3292 1074 3367 nepi-

104 3372 161 3436 dari
175 3388 319 3457 coeptum
334 3389 390 3444 est.
410 3382 494 3443 multi
509 3397 548 3442 ea
560 3390 660 3457 nocte,
676 3398 756 3459 quae
772 3382 852 3442 diem
866 3381 1006 3440 insecuta
1017 3380 1074 3447 est,

105 3472 159 3530 luo
172 3462 202 3522 in
218 3466 426 3527 continuares
439 3468 539 3541 palam
551 3468 632 3527 lacta
642 3473 699 3541 est,
715 3464 865 3526 custodiis
877 3463 958 3523 circa
969 3463 1074 3542 portas

105 3545 204 3611 positis
220 3548 372 3623 fugientes
387 3566 406 3609 a
419 3549 582 3611 triumviris
594 3548 808 3625 comprehensi
820 3554 852 3607 et
859 3542 976 3605 reducti
986 3547 1071 3609 sunu
