2642 4017
233 260 275 323 46
374 260 490 321 LIBER
504 259 634 321 XXXIX.
659 259 742 320 CAP.
757 267 801 321 49.
813 269 857 321 50.
881 266 917 327 [a.
929 264 964 317 U.
978 282 1002 317 c.
1015 265 1080 331 569]

230 428 287 472 nes
298 412 519 487 exposcebant
533 410 729 485 magistratus
741 416 772 469 et
781 409 938 484 principes
948 409 1052 484 veriti,
1067 424 1210 485 nequem

230 502 345 557 molum
354 494 565 556 misericordia
575 493 748 569 praesentis
757 493 831 553 tanti
842 493 900 553 viri
911 494 1034 568 laceret,
1050 508 1120 553 cum
1131 495 1210 555 alios
1226 537 1230 543 ι

230 579 419 640 verecundia
432 578 579 654 pristinae
589 576 757 638 maiestatis
768 577 879 637 collata
890 577 1045 651 praesenti
1060 577 1210 654 fortunae,

229 663 308 723 alios
322 662 494 723 recordatio
509 661 673 737 ingentium
680 661 856 721 meritorum
868 667 988 721 motura
995 667 1087 733 esset,
1101 664 1208 736 procul

229 748 260 807 in
275 752 442 821 conspectu
457 762 526 805 eum
541 750 726 819 statuerunt,
741 744 853 803 deinde
867 744 977 819 raptim
988 759 1026 814 ex
1039 745 1137 806 oculis
1153 745 1209 805 ho·

228 831 343 891 minum
357 828 571 889 abstraxerunt
585 828 706 888 dicente
720 835 861 903 praetore
872 829 1036 889 Dinocrate
1045 844 1118 889 esse
1128 844 1210 904 quae

228 912 411 990 pertinentia
424 913 465 972 ad
486 928 635 975 summam
655 912 728 972 belli
748 911 940 986 percunctari
961 927 1030 972 eum
1051 913 1210 987 magistra·

228 1006 278 1058 tus
292 997 415 1056 vellent
448 997 520 1056 inde
534 996 667 1056 abducto
688 1011 727 1057 eo
747 997 779 1055 in
800 996 914 1055 curiam
929 1002 961 1055 et
974 1002 1085 1057 senatu
1098 1004 1209 1058 vocato

229 1080 394 1142 consultari
409 1089 560 1157 coeptum.
603 1080 636 1139 L.
657 1080 718 1139 iam
733 1079 1017 1155 invesperascebat,
1031 1086 1062 1140 et
1072 1095 1133 1141 non
1144 1096 1210 1142 mo·

231 1164 271 1226 do
287 1171 405 1239 cetera,
421 1165 478 1224 sed
492 1179 531 1224 ne
546 1164 577 1223 in
592 1163 762 1239 proximam
778 1163 901 1239 quidem
923 1171 1044 1223 noctem
1064 1163 1118 1224 ubi
1133 1164 1209 1225 satis

228 1255 292 1308 tuto
309 1249 527 1322 custodiretur,
543 1247 759 1324 expediebant
792 1248 1014 1322 obstupuerant
1033 1248 1074 1307 ad
1093 1249 1210 1324 magni·

227 1331 363 1392 tudinem
378 1333 524 1408 pristinae
539 1332 606 1392 eius
621 1332 762 1392 fortunae
775 1332 972 1407 virtutisque,
988 1338 1019 1392 et
1032 1346 1133 1407 neque
1149 1332 1210 1407 ipsi

229 1417 352 1476 domum
373 1416 512 1491 recipere
532 1415 767 1476 custodiendum
787 1415 955 1489 audebant,
983 1430 1040 1475 nec
1066 1416 1209 1489 cuiquam

185 1565 191 1576 k
227 1499 280 1559 uni
305 1500 477 1563 custodiam
503 1499 570 1560 eius
595 1499 672 1560 satis
698 1498 875 1560 credebant.
904 1499 1071 1560 admonent
1095 1499 1208 1559 deinde

229 1582 354 1659 quidam
368 1599 440 1643 esse
460 1583 637 1644 thesaurum
658 1582 814 1659 publicum
835 1583 893 1644 sub
914 1590 1011 1658 terra,
1032 1598 1110 1642 saxo
1132 1599 1208 1658 qua-

229 1668 316 1730 druto
333 1673 482 1742 saeptum.
512 1683 551 1727 eo
565 1667 687 1728 vinctus
703 1667 885 1740 demittitur,
907 1673 938 1727 et
955 1683 1065 1728 saxum
1088 1667 1207 1741 ingens,

228 1768 290 1828 quo
305 1751 456 1828 operitur,
471 1751 612 1812 machina
626 1751 897 1826 superimpositum
912 1757 969 1811 est.
1000 1753 1042 1811 ita
1058 1752 1128 1811 loco
1151 1767 1208 1826 po·

227 1838 286 1897 tius
304 1851 395 1910 quam
408 1835 524 1895 homini
538 1836 681 1911 cuiquam
697 1835 881 1895 credendam
897 1836 1069 1896 custodiam
1082 1835 1148 1908 rati,
1163 1836 1208 1894 lu·

227 1934 294 1979 cem
307 1920 517 1997 insequentem
535 1924 801 1996 exspectaverunt.
831 1926 957 1995 postero
977 1920 1027 1979 die
1047 1918 1208 1979 multitudo

228 2003 353 2079 quidem
366 2005 497 2079 integra,
511 2019 629 2063 memor
644 2001 838 2078 pristinorum
851 2004 918 2064 eius
933 2003 963 2062 in
979 2002 1132 2062 civitatem
1145 2017 1208 2062 me-

225 2088 367 2162 ritorum,
383 2088 571 2163 parcendum
585 2102 623 2147 ac
638 2102 694 2163 per
710 2103 779 2147 eum
796 2088 933 2148 remedia
944 2087 1122 2162 quaerenda
1136 2100 1209 2146 esse

226 2172 433 2245 praesentium
446 2171 596 2231 malorum
616 2169 798 2231 censebant=
832 2172 891 2231 sed
905 2170 1086 2231 delectionis
1101 2177 1207 2231 aucto-

225 2268 293 2327 res,
309 2269 439 2329 quorum
453 2253 483 2313 in
497 2270 653 2315 martures
668 2255 792 2330 publica
805 2261 885 2329 erat,
900 2254 929 2314 in
947 2260 1067 2314 secreto
1083 2255 1208 2314 consul·

226 2343 325 2399 lantes
341 2355 448 2400 omnes
469 2339 510 2398 ad
533 2355 641 2400 necem
665 2339 733 2399 eius
758 2338 999 2399 consentiebant.
1028 2337 1084 2398 scd
1105 2343 1207 2397 utrum

226 2429 410 2483 maturarent
424 2439 463 2482 an
480 2421 652 2496 differrent,
672 2422 891 2499 ambigebatur.
919 2423 993 2483 vicit
1005 2437 1077 2498 pars
1089 2421 1209 2481 avidior
1320 2485 1321 2490 γ

226 2521 362 2581 poenae,
376 2506 554 2581 missusque
571 2507 622 2580 qui
640 2522 793 2567 venenum
813 2509 914 2567 lerret.
944 2513 1073 2582 accepto
1094 2505 1208 2580 poculo

226 2589 300 2647 nihil
314 2588 397 2647 aliud
411 2591 546 2648 locutum
565 2590 666 2651 lerunt
685 2606 777 2664 quam
798 2592 975 2666 quaesisse,
998 2591 1025 2651 si
1045 2588 1207 2649 incolumis

225 2671 375 2747 Lycortas
394 2706 433 2717 -
448 2672 475 2732 is
489 2673 566 2733 alter
581 2673 748 2749 imperator
767 2674 963 2735 Achaeorum
986 2680 1107 2734 erat-
1122 2688 1208 2746 equ1-

224 2760 334 2828 tesqua
348 2755 531 2817 evasissent
560 2764 723 2834 postquam
739 2757 852 2818 dictum
871 2765 920 2820 est
943 2758 1112 2819 incolumes
1126 2771 1208 2831 esse,

225 2836 324 2912 „bene
338 2838 450 2900 habet“
464 2840 576 2916 inquit,
598 2849 629 2901 et
647 2844 761 2917 poculo
781 2841 937 2916 impavide
959 2842 1109 2902 exhausto
1124 2840 1208 2900 haud

224 2921 266 2981 ita
277 2923 372 2983 multo
388 2932 460 2999 post
473 2925 651 3000 exspiravit
677 2941 740 2985 non
752 2926 927 2987 diuturnum
938 2927 1044 2986 mortis
1055 2925 1122 2984 eins
1133 2939 1207 2998 gau·

225 3005 309 3065 diurn
324 3007 501 3069 auctoribus
516 3009 704 3070 crudelitatis
718 3009 783 3070 luit.
813 3010 896 3071 victa
915 3023 1049 3084 narnque
1062 3007 1207 3066 Messene

224 3088 305 3151 bello
317 3093 557 3165 exposcentibus
568 3093 703 3154 Achaeis
716 3094 833 3155 dedidit
843 3094 972 3169 noxios,
987 3106 1123 3166 ossaque
1136 3090 1206 3149 red-

225 3172 289 3233 dita
302 3173 549 3251 Philopoemenis
565 3184 651 3252 sunt,
668 3185 698 3238 et
713 3178 853 3253 sepultus
874 3177 914 3238 ab
927 3177 1073 3237 universo
1094 3173 1206 3235 Achai·

225 3272 262 3318 co
277 3264 325 3317 est
340 3258 486 3334 concilio,
502 3261 580 3320 adeo
596 3261 737 3322 omnibus
752 3261 895 3322 humanis
911 3259 1067 3337 congestis
1080 3258 1207 3320 honori·

223 3340 299 3416 bus,
313 3348 347 3400 ut
361 3356 400 3401 ne
421 3341 533 3403 divinis
555 3344 679 3419 quidem
702 3345 913 3407 abstineretur.
947 3344 987 3406 ab
1001 3342 1206 3419 scriptoribus
1297 3361 1302 3368 ·

222 3440 325 3486 rerum
340 3424 466 3486 Graecis
478 3427 658 3502 Latinisque
674 3436 788 3490 tantum
802 3428 874 3489 huic
888 3429 956 3490 viro
970 3428 1125 3499 tribuimr,
1140 3431 1206 3485 uta

224 3509 408 3583 quibusdam
423 3526 544 3586 eorum,
567 3513 652 3572 velut
674 3513 713 3572 ad
735 3511 885 3589 insignem
900 3519 1003 3573 notam
1017 3511 1110 3572 buius
1125 3507 1204 3576 anni.
