2642 4017
323 258 437 320 LIBER
450 260 554 320 XLIV.
576 261 661 321 CAP.
675 269 719 324 44.
730 271 775 324 45.
799 269 836 333 [o.
848 269 880 321 c.
893 269 956 337 168]
1064 263 1125 327 251

145 415 241 492 polon
252 420 375 487 vocant,
391 412 431 471 ad
442 427 535 487 opem
546 413 779 489 exposcendam
790 413 886 489 dccet,
897 414 1061 490 Diodorus,
1073 418 1126 492 qui

144 502 287 575 praeerat
299 495 383 570 urbi,
403 503 543 558 metuens
557 512 596 557 ne
609 496 758 568 Thraces,
775 513 906 573 quorum
920 499 982 560 duo
998 499 1080 560 milia
1094 501 1124 561 in

143 578 302 659 praesidio
314 586 409 653 eram,
420 579 528 639 urbem
539 579 570 640 in
580 580 709 641 tumultu
720 580 895 657 diriperent,
907 581 947 642 ab
957 581 1125 646 subornato

142 666 182 726 ab
202 679 239 725 se
258 679 316 739 per
336 663 486 724 fallaciam
506 660 538 723 in
558 663 708 724 tabellarii
729 663 867 739 speciem
882 666 996 727 litteras
1011 666 1042 726 in
1057 668 1125 730 loro

142 749 243 810 medio
260 746 388 823 accepit.
415 745 563 823 scriptum
577 747 608 807 in
623 747 661 807 iis
676 753 742 808 erat
755 749 796 808 ad
808 747 978 810 Emathiam
992 751 1125 812 classem

141 834 311 894 Romanam
330 831 494 907 appulsam
514 846 602 908 csse,
624 847 780 908 agrosque
795 831 878 894 circa
892 833 1013 903 coxam
1035 848 1125 896 orare

140 917 318 993 praefectos
327 913 494 991 Emathiae,
509 921 542 975 ut
556 915 746 991 praesidium
755 916 909 978 adversus
922 917 1124 993 populatores

141 1002 247 1061 mittat
273 998 323 1059 his
342 998 430 1059 lectis
449 998 587 1060 hortatur
599 999 751 1075 Thracas,
776 1007 811 1061 ut
824 1000 864 1061 ad
877 1001 1022 1061 tuendam
1035 1001 1123 1061 lima·

141 1083 224 1144 thiae
234 1097 319 1143 oram
329 1082 582 1159 proficiscantur:
602 1099 744 1159 magnam
755 1097 812 1146 cos
824 1085 951 1146 caedem
962 1085 1123 1160 praedam·

142 1183 204 1243 que
224 1167 335 1242 palatis
356 1166 474 1241 passim
495 1183 554 1243 per
574 1182 668 1243 agros
689 1166 837 1228 Romanis
859 1169 1005 1230 tacturos.
1032 1169 1123 1231 simul

140 1253 241 1311 elevat
255 1251 366 1311 lamam
381 1251 533 1311 adversae
547 1266 687 1327 pugnaez
707 1267 788 1327 qnae
802 1253 830 1312 si
841 1246 1016 1327 vera'torct,
1030 1252 1123 1314 allum

140 1349 238 1409 super
258 1334 349 1395 mum
368 1341 509 1396 recentes
530 1351 570 1395 ex
592 1335 665 1410 tuga
678 1341 827 1397 venturos
842 1335 949 1396 luisse.
973 1334 1122 1410 perhanc

140 1433 265 1478 causam
278 1418 447 1478 thracibus
461 1418 620 1494 ablegatis,
636 1418 726 1478 simul
740 1426 954 1492 uansgrcsaos
967 1433 1024 1479 ecs
1035 1418 1122 1496 Stry·

139 1516 262 1563 monem
272 1501 357 1574 vidit,
370 1509 478 1577 portas
490 1503 608 1562 clausit.
622 1501 713 1562 XLV.
725 1502 816 1562 tertio
826 1501 877 1561 die
886 1500 1017 1562 Perseus
1031 1518 1122 1579 quam

138 1594 308 1662 pugnatum
328 1593 394 1646 erat
407 1584 616 1661 Amphipolim
632 1583 724 1645 venit.
745 1585 818 1645 inde
832 1591 972 1646 oratores
986 1600 1056 1647 cum
1072 1602 1122 1647 ca·

140 1671 240 1731 duceo
254 1670 295 1730 ad
308 1669 435 1731 Paulum
449 1667 540 1728 misit.
555 1668 676 1729 interim
691 1667 822 1745 Hippias
837 1674 868 1729 ct
880 1667 986 1730 Midon
1000 1668 1031 1729 el
1044 1668 1122 1730 Pan·

138 1754 278 1826 machus,
294 1753 451 1830 principes
465 1754 634 1813 amicorum
644 1752 737 1828 regis,
752 1750 913 1826 Beroeam,
929 1768 991 1829 quo
1003 1767 1044 1813 ex
1054 1752 1122 1814 acie

139 1839 355 1914 confugerant,
378 1837 439 1912 ipsi
460 1837 500 1897 ad
515 1837 674 1898 consulem
690 1836 820 1912 proiecti
833 1835 980 1897 Romanis
995 1837 1121 1898 dedunt

139 1921 200 1983 hoc
220 1922 300 1982 idem
322 1927 354 1982 et
373 1920 452 1981 aliae
472 1920 621 1996 deinceps
635 1925 718 1981 metu
733 1921 896 1996 perculsae
909 1920 1063 1996 parabant
1077 1921 1120 1980 la·

139 2021 219 2067 cere.
243 2006 352 2067 consul
373 2005 487 2065 nuntiis
502 2004 649 2065 victoriae
664 2003 698 2078 Q.
712 2002 808 2064 Fabio
823 2002 887 2064 filio
900 2010 931 2064 et
943 2003 977 2062 L.
992 2003 1121 2064 Lentulo

139 2098 170 2150 et
191 2088 225 2163 Q.
245 2088 368 2150 Metello
389 2104 459 2150 cum
480 2089 586 2149 litteris
607 2089 737 2149 Romam
758 2086 864 2148 missia
877 2086 978 2162 spolia
991 2084 1120 2147 iacentis

138 2172 271 2234 hostium
286 2173 440 2234 exercitus
456 2172 610 2247 peditibus
626 2170 790 2245 concessit,
805 2168 962 2246 equitibus
973 2171 1121 2246 praedam

139 2258 325 2317 circumiecti
339 2257 414 2332 agri,
435 2256 508 2317 dum
522 2271 562 2316 ne
576 2256 709 2331 amplius
724 2254 845 2315 duabus
858 2252 1001 2315 nocdbus
1014 2253 1054 2313 ab
1069 2269 1119 2314 ca·

138 2343 209 2402 stris
224 2341 379 2401 abessent.
407 2341 476 2416 ipse
491 2339 620 2417 propius
634 2353 719 2399 mare
733 2337 774 2398 ad
787 2338 926 2417 Pydnam
941 2344 1043 2398 castra
1055 2352 1119 2398 mo

137 2424 191 2485 vit.
223 2425 344 2485 Beroea
366 2429 512 2500 primum,
552 2424 664 2484 deinde
687 2422 960 2484 Thessalonicam
983 2420 1066 2481 Pella
1090 2426 1121 2481 et

139 2508 288 2583 deinceps
313 2509 415 2569 omnis
438 2510 535 2569 terme
554 2504 737 2568 Macedonia
757 2507 837 2568 iutra
856 2503 985 2567 biduum
1006 2503 1117 2564 dedita

138 2590 292 2667 pydnaei,
317 2592 370 2665 qui
391 2590 524 2666 proximi
543 2598 644 2666 erant,
669 2590 805 2651 nondum
823 2589 1117 2663 miserantlegatost

138 2672 299 2733 multitudo
311 2673 467 2733 incondita
477 2676 610 2748 plurium
620 2675 711 2736 simul
721 2674 856 2749 genuam
865 2672 1027 2747 turbaque,
1038 2685 1118 2747 quae

140 2770 180 2815 ex
196 2755 261 2814 acie
275 2755 349 2828 iuga
361 2753 392 2814 in
406 2771 501 2814 unum
516 2756 675 2831 compulsa
687 2763 760 2831 erat,
775 2756 936 2817 consilium
946 2762 978 2816 ct
987 2769 1119 2817 conscu-

140 2854 210 2898 sum
224 2836 354 2897 civitatis
368 2837 571 2912 impediebam
594 2852 652 2897 nec
666 2839 792 2898 clausae
805 2839 898 2898 modo
914 2845 1038 2913 portae,
1061 2838 1120 2899 sed

139 2921 230 2982 ctiam
245 2918 458 2981 inaedificatae
473 2928 574 2980 erant-
589 2918 677 2980 missi
688 2920 794 2982 hildon
808 2927 840 2979 et
849 2920 1043 2983 Pantauchus
1058 2921 1118 2982 sub

139 3021 245 3067 muros
260 3005 300 3065 ad
313 3003 500 3080 colloquium
514 3002 654 3077 Solonis,
677 3003 730 3078 qui
744 3003 775 3063 in
789 3003 947 3079 pracsidio
960 3012 1041 3066 erate
1063 3019 1119 3080 por

138 3104 209 3150 eum
230 3088 376 3151 emittitur
389 3086 527 3149 militaris
541 3086 640 3148 turba.
658 3087 807 3164 oppidum
821 3084 959 3148 deditum
973 3088 1117 3150 militibus

140 3174 230 3235 datur
242 3170 457 3248 diripiendum.
483 3170 632 3246 Perseus,
656 3186 719 3233 una
732 3177 846 3232 tantum
862 3186 923 3247 spe
934 3172 1118 3233 fflscltamm

138 3255 242 3317 auxilli
256 3263 417 3333 temptata,
437 3255 478 3317 ad
493 3271 574 3332 quos
588 3255 775 3332 nequiquam
789 3255 915 3316 miserat
927 3258 1064 3331 legatos,
1086 3254 1115 3313 in

139 3341 310 3401 contionem
325 3338 480 3417 processit
489 3340 664 3416 Philippum
674 3354 780 3400 secum
792 3339 889 3401 fllium
899 3338 1028 3410 habens,
1043 3343 1078 3397 ut
1087 3343 1118 3397 ct

138 3422 226 3498 ipsos
246 3424 529 3501 Amphipolitanos,
555 3430 587 3484 et
606 3423 742 3500 equitum
757 3423 971 3499 peditumque,
997 3418 1050 3494 qui
1064 3427 1117 3480 aut

138 3520 261 3582 semper
280 3509 377 3570 secuti
396 3515 449 3569 aut
469 3509 542 3584 tuga
563 3508 674 3570 eodem
696 3506 789 3567 delati
808 3513 903 3578 erant,
923 3502 1117 3563 adhortando
