2642 4017
301 350 417 411 LIBER
430 351 490 410 XL.
513 350 596 411 CAP.
610 357 654 413 57.
667 358 710 412 58.
734 356 770 424 [a.
787 350 818 410 C·
833 356 896 425 179]
1024 350 1086 417 llll

183 506 419 580 Peropportune
438 519 521 563 mors
535 501 666 579 Philippi
690 504 744 564 luit
758 505 798 564 ad
812 504 987 567 dilationem
1002 515 1032 568 et
1046 508 1086 569 ad

101 592 183 650 vires
204 589 286 649 bello
309 586 546 648 contrahendas.
576 602 646 645 nam
667 596 740 661 post
760 589 869 662 paucis
884 589 994 652 diebus
1009 607 1087 666 gens

101 675 335 745 Bastarnarum,
357 670 411 730 diu
431 670 606 742 sollicitata,
628 669 668 729 ab
683 671 749 731 suis
764 672 892 733 sedibus
907 688 1018 749 magna
1033 691 1085 750 pe·

99 759 194 818 ditum
206 756 406 831 equitumque
417 770 510 813 manu
520 754 656 814 Histnun
667 755 793 815 traiedt.
815 754 888 817 inde
898 759 1085 834 praegressi,

99 843 153 915 qui
167 840 342 899 nuntiarent
355 838 430 912 regi,
442 838 617 912 Antigonus
634 844 665 898 et
679 838 782 898 Cotton
799 838 886 901 Cotto
899 841 1009 901 nobilis
1020 850 1087 903 crat

97 927 259 997 Bastarna,
275 939 295 981 a
308 937 382 997 rege
396 922 569 995 Antigonus
590 922 717 996 saepius
732 924 886 999 cumipse
902 925 1029 986 Cottum
1044 929 1087 986 le·

97 1018 190 1084 gatus
205 1008 245 1067 ad
259 1006 460 1067 concitandos
471 1006 637 1065 Bastarnas
652 1006 776 1067 missus.
799 1007 882 1069 haud
894 1011 1002 1084 procul
1012 1013 1087 1070 Am·

98 1090 219 1168 phipoli
234 1091 331 1162 lama,
346 1091 418 1150 indo
432 1087 507 1149 certi
521 1088 619 1149 nuntii
633 1099 833 1153 occurrerunt
847 1101 999 1155 mortuum
1014 1108 1087 1154 esse
1109 1100 1114 1111 '

97 1192 214 1251 regem.
243 1189 324 1249 quae
344 1189 396 1233 res
411 1188 532 1233 omnem
547 1173 686 1233 ordinem
701 1174 820 1235 consilii
834 1177 974 1238 turbarit.
1003 1194 1086 1239 coin·

97 1260 234 1336 positum
255 1266 356 1317 autem
377 1259 423 1318 sic
438 1258 551 1329 iuerat,
572 1258 731 1319 transitum
747 1273 803 1334 per
815 1261 976 1321 Thraciam
990 1270 1086 1322 tntum

96 1353 128 1405 et
143 1349 335 1403 commeatus
349 1341 508 1402 Bastarnis
524 1349 557 1401 ut
569 1339 729 1417 Philippus
745 1351 925 1417 praestaret.
949 1345 981 1404 id
995 1352 1029 1405 ut
1043 1346 1086 1403 la-

96 1443 172 1488 cere
195 1434 317 1501 posset,
344 1426 503 1501 regionum
518 1425 675 1501 principes
697 1426 787 1486 donis
802 1429 939 1487 coluerat
952 1427 1014 1488 lide
1029 1443 1088 1487 sua

96 1511 235 1585 obligata
253 1519 363 1584 pacato
384 1511 506 1584 agmine
526 1509 709 1570 transituros
723 1510 900 1570 Bastarnas.
928 1510 1087 1572 Dardano·

96 1612 168 1655 rum
187 1601 308 1668 gentem
327 1594 431 1653 delere
450 1593 644 1668 propositum
665 1602 744 1665 erat,
769 1595 863 1669 inque
884 1609 990 1656 eorum
1011 1611 1086 1669 agro

96 1674 195 1740 sede's
220 1678 348 1737 laudare
368 1677 537 1737 Bastarnis.
568 1677 685 1751 duplex
710 1676 783 1736 inde
803 1684 869 1737 crat
889 1679 1085 1741 commodum

96 1766 250 1834 laturum,
272 1760 300 1821 si
315 1767 345 1821 et
358 1761 507 1834 Dardani,
532 1776 609 1835 gens
626 1776 752 1834 semper
771 1762 971 1823 infestissima
984 1763 1085 1824 Macc-

96 1845 215 1907 doniae
227 1841 481 1920 temporibusque
492 1845 606 1920 iniquis
618 1858 724 1919 regum
736 1845 904 1920 imminens,
920 1848 1087 1922 miteretur,

96 1940 130 1991 et
151 1931 320 1988 Bastarnae
344 1929 458 1989 relictis
481 1928 511 1988 in
533 1928 689 1989 Dardania
714 1929 895 2004 coniugibus
917 1930 1087 2005 liberisque

96 2015 138 2074 ad
157 2012 365 2087 populandam
380 2011 495 2072 Italiam
510 2019 640 2088 possent
654 2012 737 2073 mitti.
763 2027 820 2089 per
832 2011 1017 2073 Scordiscos
1032 2014 1088 2074 iter

97 2113 174 2158 esse
189 2098 228 2156 ad
243 2111 327 2155 mare
340 2095 530 2157 Adriaticum
545 2097 740 2172 Italiarnque3
762 2096 821 2157 alla
835 2099 885 2156 via
900 2097 1017 2157 traduci
1033 2113 1086 2156 ex-

97 2180 229 2241 ercitum
245 2197 306 2241 non
321 2196 427 2254 posse.
454 2181 544 2240 facile
556 2182 715 2241 Bastarnis
731 2179 915 2241 Scordiscos
930 2181 986 2240 iter
1000 2181 1087 2241 datu·

97 2281 171 2326 ros:
194 2266 342 2324 necerim
353 2270 407 2324 aut
419 2263 523 2338 lingua
534 2270 586 2324 aut
597 2266 733 2325 moribus
746 2266 893 2339 aequales
905 2264 1087 2334 annonam

7 2364 9 2367 ’
98 2359 131 2408 et
146 2349 235 2422 ipsos
249 2350 448 2409 adiuncturos
464 2364 514 2421 se,
535 2349 659 2409 eumad
675 2349 822 2424 praedam
837 2349 1089 2423 opulentissimae

98 2432 202 2507 gentis
217 2433 261 2490 ire
275 2431 434 2493 vidissent.
467 2431 539 2492 inde
555 2433 584 2490 in
601 2448 721 2493 omnem
737 2440 879 2493 eventum
894 2424 1022 2494 consilia
1037 2448 1088 2490 uc·

99 2517 394 2576 commodabantur:
416 2515 485 2576 sive
495 2517 578 2576 caesi
591 2517 629 2576 alt
641 2517 786 2578 Romanis
800 2518 900 2577 lorent
910 2518 1089 2590 Bastarnae,

100 2600 267 2660 Dardanos
292 2608 392 2660 tarncn
414 2601 555 2660 sublatos
581 2600 791 2677 praedamque
812 2616 852 2661 ex
871 2601 1009 2677 reliquiis
1029 2600 1088 2660 Ba·

101 2693 277 2744 starnarum
302 2692 332 2744 et
359 2685 595 2759 possessionem
623 2685 750 2744 liberam
777 2686 949 2745 Dardaniae
977 2684 1089 2746 solutio

100 2769 187 2834 lore;
210 2768 276 2827 sive
299 2783 450 2843 prospere
468 2758 532 2827 rein
553 2767 740 2843 gessissent,
762 2769 908 2829 Romanis
924 2770 1043 2830 aversis
1058 2769 1089 2828 in

99 2852 322 2911 Bastarnarum
348 2853 459 2911 bellum
479 2858 731 2926 recuperaturum
754 2868 789 2912 se
809 2854 839 2911 in
860 2853 988 2912 Graecia
1009 2867 1090 2929 quae

102 2934 268 2995 amisisset.
293 2936 370 2995 lraec
384 2934 514 3010 Philippi
531 2936 659 2995 consilia
675 2938 803 2995 lucrant.
831 2936 935 2995 LVlll.
957 2936 1090 3012 ingressi

102 3026 177 3078 sunt
198 3027 308 3094 pacato
329 3020 449 3095 agmine
471 3020 531 3079 fide
548 3018 685 3080 Cottonis
702 3028 732 3078 et
745 3019 901 3096 Antigoni.
935 3021 992 3080 sed
1007 3020 1090 3080 haud

102 3104 198 3161 multo
224 3111 297 3177 post
321 3105 431 3162 lunium
451 3101 558 3163 mortis
580 3101 709 3178 Plrissppi
731 3118 832 3179 neque
852 3104 986 3165 Thraces
1007 3120 1090 3165 com·

103 3187 218 3246 morcio
233 3187 340 3246 faciles
355 3196 450 3259 erunt,
466 3202 568 3261 neque
578 3187 747 3247 Bastarnae
759 3196 861 3263 empto
874 3188 1007 3249 contenti
1017 3204 1091 3248 esse

106 3277 249 3344 poterant
261 3278 314 3330 aut
328 3268 358 3330 in
373 3270 495 3346 agmine
509 3271 666 3342 contineri,
685 3287 724 3331 ne
739 3273 925 3334 decederent
939 3272 999 3332 viu.
1018 3273 1090 3331 lnde

104 3354 231 3414 iniuriae
253 3356 331 3414 ultro
355 3353 495 3429 citroque
514 3354 595 3429 lieri,
619 3372 749 3431 quarum
771 3355 801 3415 in
818 3355 885 3416 dies
901 3357 1089 3417 incremento

105 3439 215 3497 bellum
236 3439 361 3499 exarsit.
384 3448 541 3514 postremo
555 3438 690 3499 Thraces
712 3454 782 3500 curn
797 3440 858 3499 vim
874 3457 911 3500 ac
926 3437 1089 3498 multitudi-

105 3537 174 3581 nem
189 3523 341 3584 sustinere
355 3523 489 3583 hostiurn
504 3536 566 3582 non
581 3531 718 3597 possent,
733 3523 848 3583 relictis
865 3521 1089 3596 campestribus

104 3605 181 3666 vicis
195 3608 225 3665 in
241 3615 375 3667 montem
384 3607 514 3680 ingentis
528 3606 692 3668 altitudinis
703 3641 747 3654 -
758 3608 916 3666 Donucam
929 3614 1090 3665 vocant-—
