2642 4017
227 243 289 310 178
397 243 513 304 LIBER
526 244 615 304 xttt.
637 243 721 304 cAP.
736 251 835 307 tosa
858 249 895 317 [a.
908 247 943 301 υ.
957 247 1056 316 eset]

228 398 350 476 generis
361 397 448 458 hiere
462 430 497 442 -
512 396 616 457 divisit
626 396 667 456 ad
677 396 862 472 epulandum
875 394 1031 457 militibus.
1045 394 1136 455 tvtl.
1148 395 1208 457 sub

227 482 309 544 idean
324 480 437 541 deinde
450 487 573 557 tempus
585 479 747 543 consitium
758 487 789 540 et
798 480 909 541 consul
920 486 950 540 et
959 494 1017 539 rex
1027 477 1208 554 habuerunt,

227 566 311 627 unde
324 564 439 625 bellum
453 564 636 624 ordirentur.
657 564 741 638 regis
759 570 920 623 crevemnt
933 561 1025 623 enlmi
1035 561 1208 623 vastatione
1258 594 1260 598 ·

229 664 381 711 concessa
395 647 454 708 sibi
468 647 507 707 ab
521 647 611 708 hoste
625 645 753 706 Pheraei
767 646 848 723 agria
867 647 972 722 itaque
986 645 1122 707 eundum
1135 645 1208 707 inde

228 734 269 794 ad
289 739 393 794 castra
411 745 469 790 nec
484 730 619 790 dandum
633 731 713 791 ultra
727 731 861 806 spatium
875 728 1036 790 cunctandi
1049 730 1207 790 censebat

229 823 260 878 et
272 812 403 877 Romani
422 812 592 873 censebant
612 812 837 875 cunctationem
858 828 946 874 suam
965 812 1107 873 infamem
1122 812 1207 887 apud

229 900 333 962 socios
348 912 430 971 esse,
445 894 655 973 maximopere
667 895 792 971 indigne
806 898 939 958 terentes
950 912 1013 957 non
1027 898 1118 956 latam
1128 895 1206 955 Phe-

227 982 309 1043 racis
324 996 424 1057 opem.
447 980 705 1055 consultantibus,
726 980 801 1056 quid
815 988 942 1055 agerent
952 1011 998 1025 -
1009 979 1138 1041 aderant
1152 994 1206 1041 au·

229 1069 289 1124 tem
307 1063 461 1124 Eumenes
481 1069 512 1123 et
524 1064 646 1125 Attalus
669 1063 700 1124 in
720 1063 907 1124 consilio-
919 1063 1058 1139 trepidus
1080 1062 1206 1124 nuntius

229 1147 329 1208 adtert
351 1145 472 1207 hostem
496 1162 607 1223 magno
632 1144 753 1223 agmine
773 1147 895 1209 adesse.
925 1145 1055 1208 coneilio
1076 1146 1205 1207 dimisso

229 1230 351 1305 signum
364 1231 518 1307 extemplo
540 1232 645 1306 datur,
665 1236 701 1291 ut
712 1246 797 1291 arma
811 1230 942 1308 capiant.
970 1228 1090 1290 interim
1102 1231 1204 1306 piacet

229 1330 268 1372 ex
281 1313 375 1390 regiis
389 1311 511 1374 auxiliis
525 1320 646 1375 centum
660 1312 781 1389 equites
795 1322 827 1376 et
836 1328 941 1391 parem
951 1329 1110 1375 numemm
1121 1314 1204 1374 iacu-

227 1398 357 1460 latorum
377 1396 513 1472 peditnm
533 1398 627 1458 exire.
655 1396 788 1459 Perseus
806 1398 883 1458 hora
903 1397 998 1458 terme
1012 1397 1073 1457 diei
1087 1403 1205 1474 quarta,

228 1496 298 1542 cum
317 1482 410 1559 paulo
431 1483 502 1556 plus
523 1481 605 1542 mille
624 1497 739 1558 passus
753 1480 878 1543 abesset
891 1496 910 1540 a
924 1480 1033 1541 castris
1047 1479 1204 1556 Romanis,

228 1566 398 1626 consistere
418 1564 508 1640 signa
527 1564 665 1641 peditum
683 1564 782 1626 iussit
818 1579 1023 1640 praegressus
1043 1564 1113 1639 ipse
1133 1578 1203 1627 cum

228 1647 382 1723 equitibus
403 1663 440 1707 ac
461 1648 522 1708 levi
543 1656 711 1723 armatura,
733 1654 765 1707 et
784 1647 879 1727 Cotys
901 1663 970 1708 cum
991 1662 1029 1707 eo
1045 1647 1203 1723 ducesque

227 1728 355 1791 aliorum
366 1729 549 1791 auxiliorum
560 1737 805 1806 praecesserunt
824 1732 925 1791 minus
937 1730 1120 1806 quingentos
1131 1745 1199 1806 pas·

227 1830 282 1874 sus
303 1812 343 1873 ab
363 1814 473 1874 castris
495 1813 635 1888 aberant,
656 1826 726 1876 oum
739 1814 769 1874 in
787 1820 956 1891 conspectu
970 1815 1056 1875 tuere
1069 1814 1201 1875 hostium

226 1895 361 1972 equites:
385 1895 464 1957 duae
478 1899 545 1957 alae
560 1904 647 1958 erant
660 1912 771 1973 magna
785 1913 824 1958 ex
837 1904 925 1976 parte
939 1898 1109 1973 Gallonun,
1130 1897 1202 1959 Gas-

225 1980 363 2056 signatus
378 1988 527 2056 praeerat
542 1989 573 2042 et
586 1982 664 2042 levis
679 1987 849 2043 armaturae
864 1987 984 2043 centum
999 1982 1063 2042 tere
1074 1987 1105 2043 et
1114 1981 1202 2058 quiu-

226 2062 371 2141 quaginta
383 2064 465 2143 Mysi
480 2071 533 2128 aut
543 2065 715 2126 cretenses.
730 2065 866 2127 constitit
875 2081 932 2127 rex
946 2064 1089 2139 incertus,
1105 2080 1202 2140 quan·

224 2154 287 2208 tum
302 2156 387 2210 esset
401 2147 543 2209 hostium.
560 2149 638 2210 duas
649 2149 721 2209 inde
734 2164 774 2209 ex
785 2149 906 2225 agmine
916 2154 1031 2210 turmas
1041 2149 1200 2224 Thracum,

225 2230 303 2292 duas
328 2231 532 2294 Macedonum
557 2249 627 2294 cum
650 2231 731 2293 binis
757 2232 944 2294 Cretensium
971 2232 1147 2293 cohortibus
1170 2240 1202 2296 et

222 2312 372 2376 Thracum
391 2315 481 2377 misit
510 2317 676 2390 proelium,
698 2333 768 2377 cum
781 2332 873 2393 pares
887 2330 1015 2377 numero
1029 2322 1200 2378 essentne

224 2414 285 2473 que
299 2399 338 2459 ab
352 2397 411 2457 hac
426 2406 477 2460 aut
490 2399 542 2458 illa
552 2407 639 2474 parte
649 2415 731 2460 nova
741 2401 854 2460 auxilia
865 2398 1071 2474 subvenirent,
1086 2400 1201 2461 incerta

220 2481 350 2543 victoria
373 2480 490 2541 linitum
515 2487 572 2541 est.
604 2482 749 2542 Eumenis
775 2485 870 2542 terme
894 2482 1017 2558 triginta
1040 2483 1199 2559 interlecti,
1234 2510 1237 2513 ·

221 2563 300 2624 inter
314 2578 394 2638 quos
411 2562 611 2638 Cassignatus
626 2564 690 2625 dux
705 2566 860 2627 Gallorum
871 2567 990 2629 cecidit.
1006 2573 1037 2629 et
1049 2572 1122 2628 tunc
1133 2566 1198 2641 qui-

221 2646 291 2706 dem
311 2645 443 2719 Perseus
463 2645 504 2704 ad
526 2644 822 2725 Sycurinmcopias
841 2650 973 2712 reduxit.
1001 2656 1127 2725 postero
1149 2648 1199 2710 die

220 2727 303 2789 circa
317 2727 446 2789 eandem
459 2727 566 2790 horam
579 2730 610 2791 in
622 2731 754 2792 eundem
764 2733 867 2795 locum
877 2749 933 2794 rex
943 2733 1051 2809 copias
1063 2732 1200 2794 admovit

219 2810 366 2888 planstris
388 2827 457 2873 cum
475 2828 557 2889 aqua
577 2815 794 2892 sequentihusa
821 2833 892 2877 nam
906 2816 1070 2878 duodecim
1084 2816 1198 2876 milium

217 2910 368 2970 passuum
389 2895 439 2957 via
461 2898 561 2960 omnis
581 2899 649 2961 sine
672 2916 754 2975 aqua
772 2906 804 2961 et
824 2899 945 2976 plurimi
963 2898 1101 2976 pulveris
1116 2906 1197 2970 erat3

217 2977 419 3055 adfectosque
434 2981 499 3054 siti,
522 2982 550 3043 si
563 2983 663 3059 primo
678 2984 708 3043 in
724 2989 892 3059 conspectu
907 2983 1120 3057 dimicassent,
1139 2999 1196 3060 pu·

217 3066 366 3136 gnaturos
382 3063 480 3126 luisse
495 3067 674 3141 apparebat.
691 3081 761 3128 cum
775 3068 903 3129 Romani
919 3066 1079 3143 quiessent
1090 3065 1197 3127 statio-

216 3143 307 3205 nibus
323 3144 414 3207 etiam
428 3145 508 3207 intra
521 3151 633 3210 vallum
646 3151 797 3226 reductis,
817 3150 893 3226 regii
909 3166 1034 3226 quoque
1048 3150 1079 3209 in
1094 3156 1198 3210 castra

215 3229 354 3290 redeunt
377 3228 437 3289 hoc
450 3246 508 3306 per
522 3231 639 3309 aliquot
652 3234 719 3296 dies
734 3235 885 3309 iecerunt,
907 3238 1067 3310 sperantes
1082 3234 1149 3293 iore
1163 3239 1197 3295 ut

214 3309 344 3374 Romani
364 3311 484 3389 equites
504 3313 680 3377 abeuntium
700 3318 900 3379 novissimum
920 3332 1029 3391 agmen
1045 3315 1196 3390 adgrede-

213 3403 333 3469 rentur;
364 3394 436 3456 inde
462 3399 627 3458 certamine
646 3405 714 3462 orto
735 3416 805 3459 cum
824 3399 946 3475 longius
966 3414 985 3458 a
1005 3399 1115 3459 castris
1136 3413 1195 3459 eos

212 3480 404 3558 elicuissent,
426 3480 530 3557 tacite,
549 3480 654 3541 ubiubi
669 3488 782 3556 essent,
805 3498 848 3559 se,
870 3483 923 3557 qui
937 3481 1074 3556 equitatu
1088 3492 1119 3544 et
1131 3482 1194 3542 levi
