2642 4017
319 226 432 287 trudit
446 228 534 287 xtll.
558 228 640 288 culp.
652 237 695 289 14.
718 234 754 302 [a.
769 233 872 301 cata]
1024 230 1083 296 141

102 380 266 457 optimates
287 378 487 454 opprimerem
508 378 585 439 hacc
607 396 677 440 cum
698 381 787 442 vobis
810 382 1040 458 quiescentibus
1055 394 1084 448 et

101 463 289 541 patientibus
310 461 431 536 secent,
459 470 490 523 et
510 478 693 524 concessam
714 463 772 524 sibi
795 464 952 527 Graeciam
972 482 1045 529 esse
1065 486 1083 531 a

101 545 192 609 vobis
215 546 333 620 videat,
362 561 419 621 pro
442 553 525 606 certo
547 545 638 608 habet
651 548 802 609 nerninem
819 548 893 624 sibi,
920 556 1082 626 antequam

101 632 132 691 in
157 629 273 690 ltaliam
299 629 464 703 traieoerit,
494 637 642 691 armatum
669 646 880 693 occursurum.
909 632 969 694 hoc
991 651 1082 710 quam

99 714 191 777 vobis
210 720 307 774 tutum
328 719 380 773 aut
400 713 563 774 honestum
582 714 637 790 sit,
665 730 724 775 vos
745 713 898 776 sideritim
927 731 985 792 ego
1001 727 1083 780 certe

100 796 174 858 mihi
188 805 278 872 turpe
293 813 366 857 csse
380 797 454 857 duxi
469 798 554 873 prius
571 798 686 860 Persea
700 798 739 858 ad
754 798 867 859 beilum
881 800 1081 875 inserendum,

99 898 194 958 quam
208 897 257 941 me
272 881 391 941 socium
407 882 448 941 ad
464 881 719 957 praedicendum,
741 889 774 942 ut
789 883 956 958 caveretis,
977 886 1082 945 venue

99 966 131 1025 in
152 963 278 1025 ltaliam.
308 966 429 1025 iunctus
451 966 628 1027 necessario
650 966 724 1025 mibi
746 965 865 1041 officio,
894 973 925 1028 et
944 969 1080 1043 quodam

99 1049 193 1111 modo
214 1047 341 1110 liberata
362 1056 454 1124 atque
475 1056 642 1110 exonerata
661 1049 723 1110 lide
742 1064 825 1124 mea,
855 1050 930 1127 quid
944 1052 1023 1112 ultra
1036 1053 1080 1112 ia·

99 1147 173 1193 cere
193 1147 336 1207 possum,
367 1148 458 1208 quam
475 1134 519 1194 uti
540 1133 618 1194 deos
633 1134 772 1209 deasque
786 1149 910 1210 precer,
931 1141 965 1195 ut
977 1151 1036 1197 vos
1050 1143 1081 1197 et

98 1224 222 1277 vestrae
235 1216 280 1275 rei
295 1217 435 1291 publicae
457 1223 487 1278 et
500 1216 590 1279 nobis
606 1217 700 1278 sociis
715 1225 808 1294 atque
822 1217 944 1293 amicis,
973 1221 1081 1295 quiex

99 1299 189 1360 vobis
204 1301 390 1376 pendemus,
413 1300 627 1362 consulatist“

184 1385 263 1443 xlv.
277 1384 361 1444 Haec
376 1383 473 1445 oratio
489 1385 583 1447 movit
598 1393 702 1460 patres
716 1387 920 1462 conscriptos.
945 1392 1080 1446 ceterum

98 1467 130 1527 in
153 1466 327 1543 praesentia
353 1467 426 1528 nihil
448 1477 664 1544 praeterquam
691 1468 788 1531 tussa
813 1470 844 1529 in
871 1469 956 1529 curia
975 1483 1080 1543 regem

99 1551 180 1612 scire
195 1552 359 1626 quisquam
373 1554 487 1629 potuita
502 1568 540 1613 co
555 1551 675 1612 silentio
691 1553 796 1613 clausa
811 1552 895 1612 curia
909 1558 983 1612 erat.
998 1551 1077 1614 bello

99 1633 235 1710 denique
250 1636 386 1710 perlecto
399 1651 540 1712 quaeque
555 1635 636 1695 dicta
650 1635 689 1696 ab
703 1650 776 1709 rege
792 1650 934 1711 quaeque
948 1651 1077 1711 respon-

99 1735 137 1795 sa
150 1725 255 1779 essent
270 1735 461 1780 emanavere.

184 1801 287 1863 Persei
301 1803 413 1866 deinde
427 1803 509 1879 regis
524 1802 633 1878 legatis
648 1810 721 1879 post
736 1818 853 1878 paucos
869 1804 936 1865 dies
950 1811 1078 1865 senatus

99 1885 190 1948 datus
217 1894 274 1948 est
309 1896 443 1949 ceterum
471 1885 706 1965 praeoccupatis
735 1902 797 1946 non
826 1887 951 1948 auribus
981 1886 1078 1962 magis

100 1987 192 2045 quam
214 1969 322 2031 animis
344 1972 383 2032 ab
396 1973 532 2032 Eumene
552 1985 640 2045 rege,
668 1971 766 2032 omnis
782 1977 813 2031 et
826 1971 965 2031 defensio
981 1977 1011 2030 et
1025 1970 1077 2030 de-

98 2052 236 2130 precatio
257 2054 425 2130 legatorum
444 2056 657 2132 respuebatur.
688 2062 718 2115 et
737 2052 934 2129 exasperavit
958 2051 1077 2113 animos

98 2139 216 2199 ferocia
235 2139 375 2215 Harpali,
405 2140 458 2215 qui
486 2138 633 2215 princeps
659 2137 821 2214 legationis
848 2145 922 2197 erat.
950 2136 979 2197 is
999 2135 1079 2195 velle

99 2221 223 2298 quidem
239 2228 269 2282 et
287 2223 429 2283 laborare
443 2223 519 2284 dixit
532 2237 651 2297 regem,
677 2228 710 2282 ut
730 2219 871 2298 purganti
886 2236 921 2281 se
935 2219 1009 2280 nihil
1024 2219 1077 2282 ho·

98 2306 168 2366 stile
183 2305 300 2367 dixisse
314 2314 367 2368 aut
381 2308 494 2367 lecisso
508 2306 587 2367 tides
601 2306 765 2367 habeatur:
787 2310 920 2366 ceterum
935 2304 962 2364 si
977 2305 1077 2380 pervi-

99 2389 203 2450 cacius
219 2405 344 2451 causam
355 2390 429 2451 belli
441 2390 548 2467 quaeri
559 2391 671 2466 videat,
686 2390 755 2451 lorti
767 2389 869 2451 animo
880 2388 1078 2449 defensurum

98 2489 143 2533 se.
165 2473 293 2534 Martem
308 2489 500 2535 communem
515 2489 587 2535 esse
602 2481 633 2535 et
646 2482 788 2536 eventum
802 2474 951 2535 incertum
964 2470 1046 2532 belii.

184 2556 331 2619 Omnibus
346 2558 518 2620 civitatibus
530 2558 677 2619 Graeciae
690 2567 783 2635 atque
789 2555 886 2619 Asiae
899 2570 992 2618 curae
1004 2563 1077 2632 erat,

98 2638 174 2715 quid
194 2641 298 2702 Persei
319 2642 425 2718 legati,
447 2642 522 2718 quid
541 2642 694 2703 Eumenes
714 2641 746 2703 in
766 2647 875 2703 senatu
894 2640 1026 2716 egissem
1048 2645 1078 2700 et

96 2729 226 2800 propter
240 2725 404 2787 adventurn
418 2726 500 2800 eius,
523 2741 614 2801 quem
628 2733 781 2787 moturum
795 2724 910 2800 aliquid
924 2724 1076 2799 rebantur,

97 2808 244 2868 miserant
264 2809 431 2885 pleraeque
451 2809 604 2881 civitates,
633 2809 693 2869 alia
705 2810 736 2868 in
751 2808 887 2883 speciem
902 2807 1077 2882 praeteren-

96 2897 160 2965 tes,
182 2892 311 2966 legatos.
332 2899 363 2953 et
382 2891 493 2968 legatio
507 2892 698 2954 Rhodiorum
718 2899 784 2952 erat
796 2906 834 2951 ac
848 2889 980 2968 Satyrus
994 2891 1077 2967 prin·

97 2989 185 3050 ceps,
199 2976 282 3037 haud
297 2976 408 3036 dubius
424 2977 498 3052 quin
510 2976 666 3036 Eumenes
681 2974 834 3036 civitatem
849 2988 974 3050 quoque
989 2990 1077 3034 suam

94 3057 201 3118 Persei
219 3058 396 3120 criminibus
410 3059 570 3121 iunxisset.
586 3060 690 3135 itaque
701 3059 784 3120 omni
797 3057 890 3119 modo
905 3072 961 3132 per
975 3065 1077 3134 patro·

96 3157 156 3203 nos
178 3141 381 3219 hospitesque
401 3142 595 3220 disceptandi
614 3159 685 3203 cum
703 3158 778 3218 rege
795 3144 897 3204 locum
916 3140 947 3201 in
968 3149 1078 3203 senatu

96 3227 275 3300 quaerebat
304 3227 389 3304 quod
404 3241 474 3288 oum
487 3244 549 3288 non
564 3227 759 3303 contigisset,
779 3224 917 3287 libertate
931 3225 1077 3302 intempe-

94 3308 213 3371 rantius
235 3308 376 3372 invectus
397 3310 429 3371 in
450 3326 569 3387 regern,
592 3311 676 3386 quod
696 3311 861 3390 Lyciorum
882 3317 1002 3384 gentem
1023 3308 1077 3367 ad-

94 3409 208 3454 versus
218 3393 359 3455 Rhodios
374 3395 568 3470 concitasset,
582 3394 767 3470 graviorque
778 3394 873 3454 Asiae
887 3397 973 3453 essct
987 3405 1078 3465 qnam

92 3477 268 3540 Antiochus
291 3478 416 3551 luisset,
446 3480 627 3556 popularem
656 3476 781 3554 quidem
802 3490 904 3550 neque
929 3474 1075 3546 ingratam
