2642 4017
233 242 296 308 274
415 243 531 305 LIBER
544 243 636 305 XLV.
658 244 744 304 ΟΑΡ.
756 253 800 306 23.
822 252 859 319 [a.
874 252 910 305 U.
926 269 952 305 c.
967 253 1030 319 585]

237 404 342 458 vestra
356 412 437 457 nunc
452 402 500 457 est
514 396 636 456 louunn
647 395 739 456 deum
749 394 935 471 benignitate
945 401 975 456 et
982 394 1094 458 virtute
1104 398 1219 473 vestre

238 496 277 540 ee
289 479 394 540 Persei
408 476 535 554 unisset,
561 484 591 540 et
604 477 741 554 praemio
758 479 884 554 petitum
899 479 941 539 ad
955 480 1101 541 victorem
1113 494 1220 557 regem

237 563 431 625 venissemus
463 563 493 622 in
519 560 746 637 Macedoniarn,
779 561 852 637 quid
877 563 1000 624 tandem
1024 563 1220 625 diceremust

239 646 411 724 pecuniane
430 661 450 707 a
469 645 559 706 nobis
580 645 717 706 adiutum
735 659 774 704 an
795 647 968 708 frumental
987 646 1109 708 armillis
1123 654 1215 708 terre

239 731 354 794 atriboa
382 745 422 790 en
448 726 631 791 navalibust
664 727 748 804 quod
767 729 955 804 praesidium
979 731 1118 791 tenuisse
1137 737 1219 792 nost

239 815 292 876 ubi
312 827 470 892 pugnasse
490 820 543 873 aut
562 811 621 873 sub
640 811 722 873 illius
743 812 875 874 ducibus
895 819 947 874 aut
966 828 1023 889 per
1037 829 1096 875 nos
1109 814 1220 890 ipsost

240 900 267 959 si
283 905 458 975 quaereret,
479 896 532 957 ubi
546 896 634 957 miles
647 902 769 971 noster,
788 896 842 957 ubi
862 896 950 958 novis
969 898 1048 963 intra
1062 899 1220 974 praesidia

242 998 300 1043 sua
314 981 438 1055 luisset,
460 980 534 1056 quid
548 981 828 1055 responderemus?
849 995 973 1043 caueam
989 983 1123 1043 tortasse
1136 983 1218 1043 dice·

240 1080 344 1125 remus
355 1063 440 1139 apud
450 1062 606 1138 victorem,
622 1080 714 1140 quem
725 1063 766 1123 ad
776 1064 901 1125 modum
911 1065 995 1140 apud
1006 1079 1066 1127 vos
1077 1065 1217 1127 dicimus.

240 1148 301 1209 boc
315 1147 395 1208 enim
409 1148 528 1222 legatos
542 1154 676 1223 utroque
690 1148 730 1208 de
744 1162 821 1221 pace
835 1147 982 1211 mittendo
997 1146 1155 1210 consecuti
1166 1165 1217 1211 su·

241 1248 324 1305 mus,
345 1236 380 1293 ut
393 1246 433 1291 ne
447 1230 486 1291 ab
500 1236 632 1306 utraque
645 1237 734 1306 parte
747 1231 874 1305 gratiam
888 1231 1050 1307 iniremus,
1070 1232 1110 1293 ab
1122 1232 1220 1293 altera

240 1314 330 1377 etiam
345 1313 458 1376 crimen
473 1323 504 1375 et
514 1314 684 1390 periculum
699 1320 791 1375 esset.
808 1329 994 1391 quemquem
1003 1314 1134 1377 Perseus
1145 1331 1219 1376 vere

240 1400 382 1473 obiceret
398 1399 430 1461 id
445 1399 530 1475 quod
543 1413 601 1459 vos
615 1413 679 1458 non
696 1397 832 1474 potestis,
847 1405 952 1474 patras
967 1399 1143 1476 conscripti,
1159 1415 1218 1460 nos

240 1484 390 1561 principio
410 1481 482 1544 belli
502 1481 626 1543 misisse
640 1480 681 1541 ad
694 1497 752 1543 vos
774 1483 906 1557 legatos,
928 1481 981 1558 qul
1002 1482 1218 1558 pollicerentur

240 1568 339 1641 vobis,
356 1583 436 1643 quae
450 1565 491 1626 ed
503 1566 616 1626 bellum
630 1581 711 1641 opus
726 1572 840 1639 essent
861 1565 1023 1628 navalibus
1038 1567 1147 1643 copiis,
1170 1583 1218 1628 ar·

239 1652 313 1726 mis,
337 1651 492 1733 iuventute
509 1657 631 1725 nostra,
656 1648 737 1709 sicut
756 1647 1036 1726 montesorello,
1061 1649 1220 1713 adomnia

241 1740 364 1810 paratos
379 1734 455 1794 lore.
474 1748 514 1793 ne
528 1738 765 1810 praestaremus,
782 1747 837 1808 per
850 1748 910 1795 vos
920 1735 1009 1810 stetit,
1026 1734 1079 1811 qui
1091 1734 1131 1795 da
1142 1749 1219 1811 qua·

241 1832 372 1892 cumque
392 1832 487 1881 causa
505 1822 569 1879 tum
590 1817 746 1892 aspamati
760 1822 867 1877 nostre
880 1815 995 1879 auxilia
1008 1818 1094 1880 estis.
1115 1834 1219 1895 neque
1320 1853 1321 1900 ‡

240 1901 367 1962 lecimus
379 1899 469 1977 igitur
480 1900 645 1977 quicquam
655 1907 810 1977 tamquam
821 1899 937 1975 hostes,
952 1917 1054 1978 neque
1064 1900 1218 1965 bonorum

241 1985 397 2046 sociorum
412 1984 564 2048 deluimus
576 1983 688 2058 officio,
704 1984 761 2044 sed
776 1984 894 2045 avobis
906 1985 1050 2060 prohibiti
1061 1992 1219 2063 praestare
1318 2013 1321 2030 =

240 2085 301 2130 non
310 2069 475 2145 potuimus.
486 2113 505 2145 ‚,
513 2067 609 2145 „quid
619 2066 731 2143 igiturt
744 2068 858 2128 nihilne
870 2068 981 2130 luctum
992 2085 1095 2145 neque
1105 2069 1219 2133 dictum

240 2160 288 2214 est
300 2152 330 2213 in
346 2152 467 2215 civitate
488 2158 607 2228 vestra,
627 2150 755 2228 Rhodii,
776 2152 862 2228 quod
876 2152 1012 2227 nolletis,
1033 2171 1096 2229 quo
1110 2154 1218 2216 merito
1317 2154 1319 2219 l

232 2236 449 2299 ⁴offenderetur
462 2238 596 2314 populus
608 2236 841 2297 Romanust““
862 2235 912 2296 bic
925 2237 986 2297 iam
997 2253 1059 2298 non
1074 2239 1159 2314 quod
1174 2239 1219 2298 ta·
1317 2294 1318 2297 ,

241 2326 322 2380 ctum
336 2326 384 2382 est
397 2321 581 2384 defensurus
595 2336 664 2381 snm
677 2354 716 2366 -
727 2335 790 2382 non
804 2319 884 2382 adeo
899 2320 1017 2382 insanio
1028 2354 1078 2397 -,
1091 2322 1150 2383 sed
1160 2339 1218 2397 pu-

238 2403 348 2465 blicam
369 2419 492 2464 causam
519 2403 745 2478 aprimtorum
766 2403 858 2478 culpa
878 2411 1106 2480 segregaturus.
1135 2407 1219 2466 nulla

240 2488 320 2546 enim
334 2492 383 2546 est
396 2485 514 2560 civitas,
529 2502 609 2561 quae
623 2501 685 2545 non
698 2492 728 2545 et
738 2486 898 2562 improbos
909 2487 994 2549 cives
1005 2495 1037 2550 et
1045 2486 1218 2565 imperitam
1316 2504 1317 2507 ’

239 2566 458 2629 multitudinem
478 2582 602 2642 semper
623 2566 744 2630 hebeat.
769 2568 859 2628 etiam
880 2572 964 2647 apud
977 2588 1036 2634 vos
1052 2572 1150 2635 luisse
1163 2588 1217 2634 au·
1317 2610 1318 2619 κ

239 2649 301 2708 divi
315 2648 367 2723 qui
378 2649 569 2712 adsentando
579 2650 763 2714 multitudini
773 2662 994 2730 grassarentur,
1006 2656 1218 2718 etsecessisse
1315 2632 1319 2719 't

238 2732 405 2808 aliquando
420 2749 440 2793 a
453 2734 542 2796 vobis
557 2735 679 2811 plebem
693 2735 794 2796 necin
808 2743 959 2811 potestate
971 2746 1074 2802 vestra
1085 2756 1149 2801 rent
1160 2755 1216 2816 pu-

240 2816 351 2877 blicam
366 2817 471 2879 luisse.
497 2819 524 2879 si
537 2819 597 2881 hoc
611 2819 643 2878 in
657 2818 716 2879 bac
730 2824 791 2879 tam
804 2819 885 2881 bene
899 2829 1017 2883 morata
1031 2824 1152 2886 civitate
1165 2839 1215 2883 ac·
1317 2862 1320 2883 .

236 2899 342 2962 cidere
355 2902 463 2977 potuit
478 2903 579 2964 mirari
592 2900 757 2980 quisquam
770 2910 873 2979 potest
886 2905 1008 2982 aliquos
1024 2907 1121 2968 luisse
1132 2907 1216 2982 apud

237 2999 306 3059 nos,
328 2984 381 3060 qui
395 2986 478 3061 regis
495 2986 656 3049 amicitiam
671 2994 810 3063 petentes
825 2987 945 3063 plebem
961 2997 1098 3051 nostram
1115 2989 1216 3051 consi·
1320 2997 1321 3010 ¹

237 3064 287 3128 llis
307 3066 532 3145 depravarentt
560 3071 612 3148 qui
632 3076 733 3130 tamen
749 3070 822 3130 nibil
836 3071 916 3132 ultra
928 3074 1102 3149 valuerunt,
1124 3089 1216 3150 quam

237 3158 271 3212 ut
290 3148 322 3212 in
343 3152 446 3212 olllcio
462 3167 666 3214 cessaremus.
688 3170 749 3215 non
764 3155 938 3230 praeteribo
953 3156 985 3216 id
1000 3159 1085 3233 quod
1098 3156 1215 3233 gravis·

238 3234 348 3296 simum
369 3242 418 3296 est
437 3235 468 3294 in
488 3236 549 3297 boc
563 3236 643 3298 bello
660 3237 774 3299 crimen
790 3237 920 3300 civitatis
934 3247 1073 3302 nostrae:
1095 3243 1215 3317 legatos

239 3320 349 3381 eodem
363 3327 502 3394 tempore
515 3320 599 3380 etad
612 3337 670 3382 vos
686 3330 716 3383 et
729 3323 769 3383 ad
783 3321 897 3384 Persea
912 3324 952 3384 de
965 3340 1044 3399 pace
1057 3323 1213 3396 misimus;

238 3404 322 3479 quod
337 3402 442 3465 infelix
453 3401 613 3480 consilium
625 3403 769 3481 furiosus,
782 3411 818 3467 ut
828 3414 937 3481 postca
947 3407 1130 3482 audivimus,
1145 3421 1213 3468 ore-

237 3499 286 3548 tor
300 3487 510 3551 stultissimum
524 3486 604 3562 iecit,
620 3502 711 3563 quem
723 3488 768 3549 sic
782 3489 916 3551 locutum
928 3495 1213 3566 coustattnmquam
