2642 4017
297 222 414 285 claun
427 223 531 283 mlv.
555 224 638 284 eun
652 232 753 287 acac.
776 227 858 303 [uo.
871 226 932 304 na]
1045 222 1107 288 241

211 372 347 434 XXXIV.
373 373 459 433 Haec
479 389 549 435 curn
568 374 610 435 ita
630 374 698 435 deri
717 375 840 450 placere
855 378 998 438 contione
1011 377 1108 439 advo·

125 464 197 519 ecta
208 455 446 534 pronuntiasset,
461 457 572 519 adiecit
582 456 718 519 urbanae
730 459 864 520 contioni
877 460 1109 522 convenientem

124 541 306 603 orationem.
334 557 429 602 unum
450 540 665 616 imperatorem
684 540 714 601 in
737 542 874 604 exercitu
893 542 1060 620 providere
1080 550 1112 606 et
1138 558 1143 565 ‘

128 626 294 688 consulere
315 624 391 700 quid
411 625 565 698 agendum
579 625 620 685 sit
639 624 769 701 debere,
791 640 873 687 nunc
887 642 944 703 per
959 641 1009 703 se,
1029 642 1112 689 nunc

126 726 198 771 cum
212 710 259 783 iis,
281 723 359 784 quos
375 708 533 770 advocarit
546 707 578 769 in
594 706 773 781 consilium
796 708 925 786 quinon
940 709 1110 771 sintadvo-

126 794 195 865 cati,
212 808 267 855 eos
282 808 341 853 nec
355 792 457 868 palam
471 808 529 853 neo
544 799 665 854 secreto
680 791 793 855 iactare
807 792 938 857 consilia
951 810 1019 854 sua.
1033 794 1111 854 mili·

126 888 188 937 tem
197 878 275 938 haec
286 874 344 937 tria
354 891 463 937 curare
475 876 597 952 debere,
613 892 729 953 corpus
740 884 876 954 utquam
886 875 1110 941 validissimum

125 968 158 1022 et
177 960 422 1037 pernicissimum
442 959 569 1036 habeat,
589 976 675 1022 arma
688 968 774 1037 apta,
797 960 900 1023 cibum
913 968 1054 1039 paratum
1071 963 1110 1023 ad

126 1045 228 1107 subita
246 1043 390 1120 imperiae
418 1050 520 1105 cetera
539 1045 621 1106 scire
641 1045 681 1106 de
701 1061 737 1107 se
757 1043 818 1108 diis
837 1046 1057 1109 immortalibus
1081 1055 1111 1108 et

125 1128 302 1204 imperatori
317 1143 375 1191 suo
387 1143 480 1189 curae
493 1143 575 1188 esse.
596 1126 628 1189 in
641 1145 704 1205 quo
715 1129 852 1192 exercitu
862 1130 974 1193 milites
985 1131 1109 1193 eonsul-

125 1219 204 1288 tent,
229 1210 396 1288 imperator
415 1211 589 1274 rumoribus
608 1213 693 1288 vulgi
713 1214 950 1291 circumagatur,
974 1214 1017 1276 ibi
1036 1213 1110 1275 nihil

127 1297 262 1358 salutare
277 1311 358 1357 esse.
380 1311 426 1370 se,
442 1296 527 1371 quod
542 1295 581 1357 sit
596 1297 732 1358 officium
747 1296 953 1373 imperatoris,
967 1299 1110 1372 provisu·

125 1396 203 1456 rum,
218 1386 252 1442 ut
265 1381 344 1440 bene
357 1380 513 1454 gerendae
525 1379 571 1439 rei
586 1380 784 1442 occasionem
798 1381 838 1442 iis
852 1380 1016 1456 praebeatr
1038 1381 1109 1442 illos

126 1462 786 1539 nihilquidiuturumsitquaereredeber03
807 1463 861 1525 ubi
872 1465 976 1525 datum
988 1464 1110 1539 siguum

126 1548 175 1623 sit,
190 1555 252 1610 tum
267 1548 426 1609 militarem
441 1561 567 1622 operam
581 1562 705 1607 navare.
727 1547 766 1607 ab
779 1546 828 1608 his
843 1545 1020 1622 praeceptis
1036 1562 1109 1608 con·

125 1631 239 1693 tionem
261 1629 388 1705 dimisit,
411 1631 504 1705 vulgo
526 1631 617 1690 etiarn
637 1630 792 1691 veteranis
815 1629 981 1692 ramalibus
1001 1646 1037 1692 se
1057 1631 1110 1692 illo

125 1716 256 1792 primum
271 1715 336 1791 die,
357 1722 514 1789 tamquam
527 1712 658 1788 tirones,
676 1713 750 1790 quid
764 1715 918 1790 agendum
933 1722 1018 1776 esset
1031 1714 1061 1775 in
1075 1731 1110 1777 re

126 1798 246 1860 militari
257 1797 415 1860 didicisse.
430 1813 493 1859 non
504 1796 700 1859 sermonibus
713 1804 829 1860 tantum
839 1796 898 1873 hia,
912 1814 981 1860 curn
994 1807 1109 1874 quanto

126 1885 264 1944 adsensu
275 1881 538 1945 audissentverba
549 1881 697 1957 consulis,
709 1881 926 1954 ostenderunt,
939 1882 997 1942 sed
1007 1898 1110 1943 rerum

17 2019 24 2032 ,
125 1983 276 2044 praesens
290 1966 419 2027 effectus
434 1971 508 2026 erat.
523 1965 675 2026 neminem
686 1965 839 2027 totismox
852 1965 961 2026 castris
974 1966 1110 2040 quietum

125 2051 264 2111 viderem
282 2065 395 2112 acuere
408 2049 460 2111 alii
473 2049 604 2126 gladios,
619 2048 671 2110 alii
684 2048 790 2126 galeas
802 2049 1022 2123 bucculasque,
1039 2063 1109 2109 scu·

126 2142 226 2195 torum
241 2133 256 2172 *
271 2135 331 2209 alii,
351 2133 402 2193 alii
416 2132 529 2195 loricas
543 2141 673 2210 tergere,
689 2132 740 2194 alii
755 2138 862 2208 aptare
876 2130 1000 2207 corpori
1014 2147 1108 2205 arma,

125 2217 320 2294 experirique
340 2218 399 2279 sub
420 2217 468 2277 his
489 2218 694 2278 membrorum
708 2215 888 2292 agilitatem,
910 2220 1038 2291 quatere
1058 2213 1110 2275 alli
1212 2222 1219 2239 ¹

127 2303 199 2378 pila,
211 2302 262 2362 alii
272 2302 387 2363 micare
397 2301 508 2376 gladiis
518 2313 761 2376 mucronemque
771 2298 889 2373 intueri,
903 2306 935 2361 ut
942 2297 1032 2359 iacile
1039 2299 1109 2374 quis

126 2393 278 2462 cerneret,
299 2384 352 2448 ubi
366 2386 496 2461 primum
511 2384 696 2446 conserendi
710 2399 835 2445 manum
849 2398 919 2444 cum
933 2382 1024 2443 hoste
1039 2383 1110 2443 datu

126 2469 251 2531 occasio
273 2477 371 2544 esset,
394 2476 447 2531 aut
458 2469 588 2532 victoria
601 2468 727 2545 egregia
740 2474 794 2530 aut
807 2473 905 2529 morta
918 2463 1110 2526 memorabili

125 2553 266 2615 finituros
285 2554 409 2613 bellum.
430 2552 563 2615 Perseus
581 2568 708 2630 quoque
730 2567 800 2615 oum
820 2551 956 2612 adventu
970 2549 1108 2611 consulis

126 2637 215 2696 simut
236 2644 268 2696 et
287 2635 369 2695 veris
391 2636 542 2712 principio
558 2644 698 2713 strepere
712 2635 815 2698 omnia
829 2634 1009 2710 moverique
1024 2633 1109 2709 apud

125 2718 233 2778 hostes
253 2720 339 2777 velut
355 2732 438 2777 novo
457 2718 538 2777 bello
554 2725 706 2793 cerneret,
728 2726 811 2781 mota
830 2718 946 2779 aPhila
961 2723 1062 2778 castra
1076 2716 1107 2776 in

128 2799 260 2859 adversa
273 2799 343 2873 ripa
353 2799 463 2873 posita,
479 2816 561 2859 nunc
572 2802 613 2861 nd
624 2802 862 2877 contemplanda
872 2816 970 2876 opera
980 2817 1038 2862 sun
1050 2799 1109 2862 oir-

127 2881 242 2944 cumire
257 2881 376 2956 ducem,
391 2880 475 2941 haud
490 2882 581 2942 dubie
594 2884 742 2944 transitus
756 2883 968 2958 speculantem

126 3066 237 3114 norum
250 3064 332 3110 esse.
353 3048 473 3110 XXXV.
490 3064 570 3124 quae
580 3065 631 3110 res
642 3049 791 3111 Romanis
803 3049 887 3111 auxit
898 3052 1027 3127 animos,
1042 3053 1108 3114 Me·

125 3130 296 3197 cadonibus
316 3134 444 3211 regique
465 3148 572 3194 eorum
591 3133 675 3195 haud
695 3132 881 3194 mediocrem
901 3136 998 3197 attulit
1010 3145 1108 3199 terro-

123 3234 198 3279 rem.
220 3226 251 3280 et
269 3217 368 3294 primo
390 3217 582 3294 supprimere
596 3216 627 3278 in
649 3219 770 3279 occulto
786 3218 897 3280 lamam
917 3221 983 3281 elus
998 3221 1044 3281 rei
1058 3228 1109 3281 est

124 3311 254 3364 conatus
275 3303 394 3377 missis,
419 3302 471 3378 qui
483 3302 691 3364 Pantauchum
710 3302 783 3363 inde
803 3303 974 3364 venientem
990 3318 1106 3378 appro-

124 3384 276 3462 pinquare
296 3387 405 3449 castris
425 3394 573 3449 vetarent.
598 3387 655 3447 sed
675 3387 736 3447 iam
756 3393 787 3447 et
801 3387 889 3463 pueri
905 3386 1029 3462 quidam
1044 3381 1106 3445 visi

125 3470 163 3529 ab
184 3468 250 3531 suis
271 3479 358 3532 erant
377 3469 456 3532 inter
475 3471 601 3533 obsides
621 3471 743 3550 illyrios
759 3471 859 3540 ducti;
886 3475 917 3528 et
931 3482 991 3543 quo
1008 3483 1104 3543 quae-

168 3570 194 3611 r.
209 3569 270 3611 n1v1
285 3570 361 3614 runs
376 3555 414 3612 V.
860 3558 894 3610 16
