2642 4017
303 270 420 329 LIBER
433 270 523 330 XLV.
547 271 630 332 GAP.
644 279 688 333 43.
702 278 747 333 44.
770 278 807 346 [a.
819 277 851 330 C·
864 278 924 347 roi]
1042 270 1104 339 297

6 469 7 492 ,
101 429 110 448 ·
127 438 188 483 non
204 418 300 499 illyrii
314 418 551 495 Macedonibus,
566 437 628 482 non
643 421 745 497 spolia
759 420 883 496 spoliis,
897 437 958 482 non
974 422 1106 499 pecunia

126 504 292 583 pecuniae,
318 520 380 564 non
407 504 490 565 dona
513 504 605 565 donis
631 505 803 579 comparari
825 511 975 580 poterant.
1002 505 1106 583 itaque

127 591 208 651 sicut
228 586 442 663 praefulgebat
460 586 532 648 huic
545 586 718 662 triumphus
733 603 860 672 recens,
881 586 923 649 ila
936 589 1106 664 apparebat

125 672 228 749 ipsum
239 686 295 748 per
306 686 341 731 sa
353 669 539 731 intuentibus
551 685 747 746 nequaquam
758 686 831 732 esse
840 672 1105 732 contemnendum.

126 756 344 832 perdomuerat
371 755 448 814 iutra
468 770 586 830 paucos
614 754 680 815 dies
700 761 781 815 terra
800 755 939 829 marique
960 756 1104 826 ferocem,

126 839 205 901 locis
231 836 488 915 munimentisque
511 839 618 900 irelam
642 845 764 913 gentem
784 838 971 916 illyriorum
1000 855 1104 915 regent

125 923 292 998 regiaeque
313 936 421 982 omnes
442 921 546 997 stirpis
568 929 701 997 ceperat.
730 921 881 983 transtulit
900 922 930 981 in
951 921 1105 999 triumpho

126 1007 220 1067 mulla
240 1003 380 1066 militaria
400 1005 489 1081 signa
507 1004 672 1081 spoliaque
693 1006 752 1066 alia
772 1013 802 1067 et
823 1006 1043 1081 supellectilem
1057 1023 1105 1067 re-

126 1090 222 1164 giam,
247 1089 312 1148 auri
338 1089 442 1164 pondo
468 1089 572 1164 viginti
595 1096 625 1149 et
645 1095 780 1165 septem,
806 1089 923 1165 argenti
946 1092 1054 1151 decem
1076 1097 1107 1151 et

126 1187 237 1234 novem
255 1172 376 1247 pondo,
399 1172 555 1234 denarium
571 1172 678 1233 decem
691 1171 749 1234 tria
764 1173 861 1249 milia,
883 1180 913 1233 et
927 1182 1047 1235 centurn
1062 1173 1106 1232 vi-

126 1256 200 1332 ginti
222 1256 304 1316 milia
324 1255 418 1332 illyrii
440 1255 567 1333 argenti.
588 1264 659 1318 ante
675 1273 797 1318 currum
811 1258 894 1318 ducti
910 1257 1035 1319 Gentius
1049 1273 1106 1317 rex

127 1357 195 1401 cum
217 1341 347 1414 coniuge
368 1345 398 1399 et
417 1340 520 1400 liberis
540 1348 571 1401 et
585 1339 782 1402 Carauantius
798 1341 891 1401 irater
909 1338 991 1414 regis
1006 1345 1037 1399 el
1054 1339 1104 1398 ali·

127 1430 202 1501 quot
216 1423 335 1484 nobiles
354 1423 459 1499 illyrii.
481 1423 520 1483 de
541 1424 658 1498 praeda
672 1422 816 1484 militibus
831 1424 860 1483 in
876 1422 1015 1497 singulos
1032 1437 1104 1497 qua·

126 1509 280 1582 dragenos
310 1507 420 1583 quinos
449 1506 608 1580 denarios,
638 1506 753 1581 duplex
781 1504 965 1578 centurioni,
994 1503 1106 1580 triplex

126 1592 235 1668 equiti,
257 1589 351 1652 sociis
371 1588 504 1651 nominis
525 1588 622 1650 Latini
645 1595 790 1665 quantum
813 1588 946 1662 civibus,
968 1595 998 1649 el
1012 1586 1106 1648 sociis

126 1674 286 1737 navalibus
313 1674 397 1735 dedit
421 1680 567 1748 quantum
588 1671 744 1734 militibus.
773 1673 881 1733 laetior
900 1672 982 1732 hunc
1002 1672 1105 1734 mum-

126 1759 220 1835 pbum
243 1764 292 1819 est
310 1765 436 1819 secutas
450 1757 553 1830 miles,
574 1754 746 1831 multisque·
762 1755 826 1817 dux
840 1757 908 1832 ipse
922 1755 1107 1818 carminibus

126 1841 308 1903 celebratus.
332 1841 504 1902 sestertium
519 1839 700 1899 ducentiens
715 1855 754 1900 ex
770 1854 807 1899 ea
819 1840 936 1915 praeda
949 1840 1106 1901 redactum

126 1941 198 1987 esse
214 1932 320 1985 auctor
334 1933 382 1985 est
391 1925 510 1996 Antias,
525 1929 646 1998 praeter
657 1938 764 1983 aurnnr
776 1930 1006 1999 argentumque,
1023 1923 1105 1997 quod

124 2010 155 2070 in
171 2010 321 2069 aerarium
336 2009 375 2069 sit
385 2010 495 2077 latum;
518 2006 602 2082 quod
615 2006 688 2081 quia
697 2006 781 2066 unde
791 2004 889 2080 redigi
900 2005 1034 2080 potuerit
1045 2022 1107 2067 non

127 2092 305 2168 apparebat,
320 2098 476 2152 auctorem
490 2107 547 2166 pro
562 2105 596 2150 re
612 2089 714 2164 posui.
736 2104 791 2148 rex
807 2089 932 2150 Gentius
948 2104 1017 2149 cum
1034 2089 1107 2148 libe

124 2176 169 2235 ris
183 2182 214 2234 et
228 2174 359 2248 coniuge
373 2181 403 2233 et
417 2175 508 2234 iratre
520 2174 690 2249 Spoletium
700 2172 730 2233 in
743 2172 914 2233 custodiam
929 2188 968 2231 ex
982 2179 1107 2234 senatus

128 2258 270 2319 consulto
292 2258 418 2333 ductus,
436 2259 529 2319 ceteri
552 2257 665 2332 captivi
679 2258 796 2318 Romae
816 2257 846 2316 in
864 2271 1018 2317 carcerem
1034 2271 1107 2316 con·

125 2341 213 2413 iecti3
234 2340 510 2417 recusantibusque
531 2340 703 2402 custodiam
719 2338 886 2415 Spoletinis
907 2339 1045 2415 Iguvium
1059 2355 1108 2400 re-

126 2442 182 2502 ges
196 2425 337 2487 traducti.
356 2426 506 2502 reliquum
521 2440 559 2484 ex
575 2426 698 2503 illyrico
714 2424 849 2499 praedae
864 2422 987 2485 ducenti
1001 2422 1108 2498 viginti
1147 2495 1151 2500 ,

94 2565 97 2571 .
128 2510 219 2570 lembi
245 2517 344 2572 erant:
379 2510 418 2570 de
441 2507 549 2570 Gentio
570 2524 644 2583 rege
665 2514 774 2584 captos
796 2523 852 2568 eos
874 2507 1056 2586 Corcyraeis
1079 2515 1107 2570 et

126 2594 372 2667 Apolloniatibus
387 2601 417 2654 et
427 2592 647 2669 Dyrrhachinis
660 2593 693 2667 Q.
707 2592 833 2653 cassius
845 2607 885 2651 ex
897 2598 1023 2652 senalus
1037 2606 1108 2652 con-

128 2676 208 2736 sulto
222 2677 335 2736 tribuit.

211 2757 315 2816 XLIV.
337 2758 486 2818 consules
507 2774 545 2818 eo
566 2775 647 2819 anno
670 2774 744 2833 agro
765 2765 880 2819 lantum
894 2758 1037 2833 Ligurum
1053 2772 1110 2832 po·
1168 2811 1171 2816 .

128 2841 243 2917 palato,
259 2854 328 2898 cum
342 2839 448 2899 hostes
462 2839 617 2901 exercitus
632 2857 800 2917 numquam
815 2839 1005 2916 eduxissent,
1026 2842 1109 2901 nulla

128 2938 163 2984 re
177 2921 366 2983 memorabili
381 2927 468 2996 gesta
481 2923 610 2983 Romam
626 2925 666 2984 ad
679 2924 876 2999 magistratus
892 2924 1109 2998 subrogandos

128 3005 300 3077 redierunt,
325 3012 356 3065 et
381 3004 478 3080 primo
500 3006 642 3067 comitiali
670 3007 720 3068 die
740 3008 885 3067 consules
908 3014 1050 3068 crearunt
1068 3007 1109 3067 Μ.

129 3087 288 3150 claudium
302 3087 479 3149 Marcellum
500 3089 531 3149 C.
549 3088 719 3165 Sulpicium
735 3090 867 3164 Gallum,
890 3089 1001 3151 deinde
1021 3106 1109 3166 prae-

127 3182 212 3236 tores
233 3179 360 3248 postero
376 3170 427 3234 die
441 3173 475 3233 L.
489 3173 598 3233 iulium
615 3175 645 3234 L.
660 3175 847 3250 Appuleium
862 3173 1057 3236 Salaminum
1071 3175 1109 3233 A.

128 3256 277 3318 Licinium
291 3255 423 3317 Nervam
443 3256 477 3317 P.
490 3254 635 3318 Rutilium
651 3257 776 3320 Calvum
789 3257 823 3320 P.
839 3257 1031 3332 Quinctilium
1048 3258 1111 3317 Va·

128 3357 197 3401 rum
216 3340 258 3400 Μ.
272 3339 442 3402 Fonteium.
464 3341 512 3401 his
528 3342 722 3416 praetoribus
743 3343 822 3402 duae
835 3341 973 3403 urbanae
987 3339 1111 3416 provin-

130 3424 196 3485 ciae
211 3430 282 3483 sunt
296 3424 446 3500 decretae,
462 3426 543 3486 duae
555 3424 733 3501 Hispaniae,
750 3425 853 3487 Sicilia
867 3442 904 3485 ac
918 3422 1068 3484 Sardinia.

216 3506 429 3569 intercalatum
452 3524 490 3569 eo
507 3525 603 3571 anno:
630 3510 777 3590 postridie
791 3506 971 3568 Terminalia
983 3503 1111 3565 interca·
