2642 4017
235 271 298 337 182
401 270 517 332 LIBER
526 271 614 331 xlii.
637 270 720 330 CAP.
734 277 779 333 61.
790 278 834 332 62
850 275 888 343 [a.
900 274 934 329 U.
946 291 970 328 c.
980 277 1048 343 5811

233 437 306 484 esse
325 420 548 497 gloriabantur,
574 418 706 481 fudistis.
732 419 852 495 equites
871 419 954 481 enim
973 417 1033 481 iilis
1055 421 1214 500 principes

234 504 412 579 iuventutis,
438 502 559 579 eqrrites
579 502 776 564 seminarium
797 508 937 575 senatus,
970 502 1042 568 inde
1062 506 1160 568 lectos
1180 507 1214 569 in

232 596 352 667 patnrm
364 602 524 649 numerum
537 587 699 659 consules,
714 585 785 647 inde
800 583 1000 662 imperatores
1015 597 1133 650 creante
1155 589 1213 651 bo·

231 690 300 734 rum
315 672 415 747 spolia
435 671 528 746 paulo
541 677 612 732 aute
625 667 787 731 divisimus
801 669 961 732 intervos.
991 686 1049 732 nec
1062 672 1213 735 minorem

230 757 274 817 de
287 755 459 831 legionibus
474 753 610 831 peditum
624 751 784 814 mmoriam
803 753 938 827 habetis,
960 769 1041 829 quae
1060 761 1213 818 nocturna

234 841 307 916 iuga
326 837 416 901 vobis
437 837 612 899 subtractae
632 838 851 912 naulregomm
870 837 1074 913 trepidatione
1092 840 1212 915 passim

232 924 398 986 natantium
418 921 532 983 ilumsn
553 923 792 997 conpleverunt
827 921 885 982 sed
909 921 1029 983 facilius
1049 922 1139 983 nobis
1160 939 1212 985 se·

232 1006 397 1084 quentibus
417 1006 516 1066 vidos
528 1004 662 1067 Peneum
677 1018 827 1080 superare
840 1003 911 1079 erit,
934 1019 1026 1079 quarn
1040 1005 1099 1067 illis
1113 1008 1211 1084 trepi-

232 1089 375 1167 dantibus
396 1088 467 1158 iuit;
493 1086 744 1165 umsgressique
763 1090 918 1163 extemplo
932 1094 1035 1150 cestra
1049 1105 1210 1165 oppugna·

230 1173 345 1247 bimus,
363 1188 444 1249 quae
462 1172 556 1233 hodie
573 1172 775 1248 cepissemus,
797 1171 828 1231 ni
845 1172 1011 1246 uuissenu
1032 1179 1085 1234 aut
1099 1173 1127 1235 si
1141 1174 1211 1236 acie

232 1258 398 1317 decernere
410 1258 528 1331 volent,
549 1256 681 1317 cundem
694 1271 816 1330 pugnae
830 1255 983 1331 pedestris
998 1263 1139 1319 eventum
1153 1273 1209 1319 ex·

230 1346 376 1416 spectate,
394 1340 447 1417 qui
460 1340 596 1416 equitum
610 1339 642 1421 in
656 1340 819 1400 certamine
834 1339 953 1400 fuerit“
968 1344 998 1400 et
1008 1340 1062 1414 qui
1070 1340 1210 1403 vicerant

230 1424 364 1496 alacres,
385 1423 486 1500 spolia
501 1437 661 1485 caescmm
675 1422 809 1484 bostium
823 1421 959 1484 humeris
973 1431 1117 1498 gerentes
1130 1425 1207 1485 iaci-

230 1522 306 1569 nora
316 1523 374 1569 sua
383 1506 537 1581 audivere,
552 1521 593 1566 ex
603 1521 642 1566 eo
654 1506 739 1581 quod
751 1505 904 1568 recideret
915 1521 1003 1582 spem
1013 1508 1106 1569 iuturi
1116 1524 1208 1583 prae·

148 1613 154 1618 ·
230 1591 394 1667 cipientes3
416 1596 447 1651 et
466 1589 587 1666 pedites
600 1588 701 1650 aliem
714 1588 812 1664 gloria
824 1590 957 1664 accensi,
971 1591 1139 1665 praecipue
1154 1593 1209 1667 qui

229 1673 432 1734 Macedonum
450 1673 613 1749 phuangis
633 1680 736 1747 erant,
761 1670 821 1734 sibi
846 1689 973 1750 quoque
993 1680 1024 1734 et
1043 1676 1208 1735 navandae

228 1756 294 1831 regi
313 1771 428 1831 operae
447 1763 478 1817 et
498 1756 627 1818 similem
646 1756 775 1832 gloriam
796 1771 837 1816 ex
856 1756 946 1818 hoste
961 1756 1100 1831 pariendi
1115 1772 1208 1818 occa·

229 1840 348 1900 sionem
361 1839 508 1916 optabunt.
528 1843 661 1902 ccunbm
675 1840 817 1911 dimisso,
840 1846 968 1915 postero
983 1841 1034 1903 die
1046 1842 1206 1917 proiectus

228 1922 300 1983 inde
314 1924 354 1984 ad
365 1923 539 1999 Mopselum
551 1924 656 2000 posuit
669 1929 779 1984 cestra.
796 1924 930 1986 tumulus
944 1923 994 1985 hic
1009 1932 1079 1987 unte
1089 1925 1208 2001 Tempe

229 2014 284 2082 est,
299 2007 434 2069 imminet
446 2007 572 2070 Larisae
585 2007 704 2068 medius
719 2005 736 2045 *
750 2006 840 2069 abest
854 2006 869 2043 s
884 2007 1033 2069 Gonnum.

311 2092 400 2155 LXII.
414 2091 556 2165 Romani,
572 2106 634 2151 non
644 2090 849 2153 abscedentes
860 2091 900 2151 ab
910 2089 978 2166 ripa
987 2091 1089 2166 Penei,
1104 2100 1205 2154 truns-

227 2177 360 2237 tulerunl
379 2174 410 2240 in
432 2177 535 2237 locum
546 2173 689 2237 tutiorem
703 2181 812 2235 castra.
834 2188 873 2236 eo
887 2173 1061 2250 Misagenes
1074 2176 1205 2237 Numida

228 2258 312 2318 venit
326 2275 395 2322 cum
414 2260 496 2321 mille
509 2257 680 2336 equitibus,
701 2258 768 2335 pari
781 2257 917 2334 pediturn
930 2274 1067 2333 numero,
1088 2260 1129 2320 ad
1141 2259 1206 2321 hoc

227 2342 397 2418 elephantis
417 2344 538 2405 dnobus
559 2348 592 2403 et
608 2341 724 2417 viginti
747 2357 804 2417 per
822 2357 878 2404 eos
893 2343 959 2405 dies
975 2342 1136 2405 consilium
1149 2343 1206 2403 ha·

225 2425 309 2486 beuti
328 2426 394 2502 regi
415 2426 454 2486 dc
474 2441 593 2487 summa
611 2424 699 2499 belii,
721 2440 791 2485 cum
804 2426 865 2486 ianr
879 2426 1074 2489 consedisset
1087 2425 1205 2488 lerocia

225 2509 266 2567 ab
286 2526 320 2568 re
339 2510 420 2569 bene
432 2515 534 2582 gesta,
556 2506 623 2567 ausi
637 2515 709 2569 sunt
724 2508 848 2581 quidem
861 2509 1027 2572 amicorum
1042 2509 1204 2571 consilium

225 2590 314 2664 dare,
335 2598 368 2650 ut
387 2590 525 2651 secunde
538 2591 660 2650 iortuna
679 2590 711 2649 iu
725 2591 937 2654 condicionem
952 2592 1101 2656 honestae
1114 2592 1203 2669 pacis

227 2677 362 2732 uteretur
375 2673 488 2748 potius,
505 2688 598 2750 quam
611 2688 670 2748 spe
684 2688 764 2736 vana
778 2683 904 2737 evectus
919 2677 950 2738 in
965 2692 1072 2738 casum
1085 2677 1202 2738 irrevo-

225 2753 353 2815 cabilem
367 2770 403 2817 se
418 2756 513 2817 daret.
535 2757 659 2818 modum
675 2757 833 2833 imponere
848 2760 993 2821 secundis
1008 2760 1120 2835 rebus,
1142 2775 1203 2820 nec

224 2836 313 2898 nimis
334 2839 461 2902 eredere
485 2841 640 2903 serenitati
660 2842 833 2917 praesentis
859 2843 1013 2918 fonunae,
1041 2843 1202 2920 prudentis

223 2919 355 2984 huminis
375 2930 406 2986 et
426 2924 533 2988 merito
553 2925 651 2986 ielicis
666 2941 747 2988 esse.
774 2926 904 2989 mitteret
919 2927 960 2987 ad
974 2929 1132 2989 consulem
1147 2927 1202 3002 qui

223 3005 335 3066 foedus
349 3007 380 3069 in
395 3010 522 3071 casdem
534 3011 621 3085 leges
635 3016 828 3084 renovarent,
844 3009 955 3086 quibus
970 3010 1129 3087 Philippus
1144 3027 1201 3087 pa-

221 3094 269 3147 ter
289 3088 356 3151 eius
377 3107 484 3166 pacem
504 3094 544 3155 ab
556 3095 589 3154 Τ.
604 3092 743 3167 Quinctio
757 3094 873 3155 victore
893 3094 1076 3169 accepisset
1096 3109 1201 3170 neque

221 3168 302 3231 finiri
331 3174 444 3235 bellum
473 3178 717 3253 magnificentius
748 3194 839 3255 quam
859 3178 899 3239 ab
924 3184 986 3239 tam
1010 3178 1201 3239 memorabili

220 3270 340 3330 pugna3
352 3271 454 3333 neque
464 3276 553 3336 spem
563 3260 729 3322 firmiorem
740 3262 827 3337 pacis
838 3268 1008 3337 perpetuae
1019 3261 1094 3336 dari,
1106 3277 1200 3337 quam

223 3354 303 3413 quae
323 3342 485 3416 perculsos
505 3343 638 3405 adverso
660 3343 779 3419 proelio
799 3346 956 3406 Romanus
976 3345 1132 3411 mciiiores
1152 3345 1198 3404 in·

222 3429 308 3486 ctura
328 3424 368 3485 sil
386 3425 425 3486 ud
445 3426 676 3502 paciscendum.
704 3426 817 3502 quodsi
836 3429 966 3490 Romani
986 3435 1050 3489 turn
1073 3445 1199 3504 quoque

223 3507 312 3569 rnsita
326 3508 493 3585 pertinacia
508 3523 608 3585 aequa
628 3517 874 3587 aspernarentur,
901 3511 979 3572 deos
993 3510 1198 3586 hominesque
