2642 4017
279 259 395 321 LIBER
407 260 498 320 XLV.
521 260 604 320 CAP.
618 268 662 324 36.
674 269 718 327 at.
741 269 778 336 [a.
790 268 824 327 C.
836 268 899 336 tet]
1016 263 1083 329 289

99 414 183 491 giura
204 411 363 472 terendum
384 419 477 473 esset.
508 411 587 473 intro
609 421 738 475 vocatae
756 412 874 490 primae
893 416 990 478 tribus
1012 433 1082 479 omn

3 513 4 516 ¹
100 496 312 571 antiquarent,
334 509 506 556 concursus
519 496 551 556 in
567 496 747 573 capitolium
761 496 936 575 principum
950 499 1080 562 civitatis

100 583 201 642 lactus
215 584 278 652 est,
300 576 459 653 indiguum
479 578 599 640 lacinus
614 595 687 641 esse
701 580 933 655 clamitantium,
954 583 988 643 L.
1004 583 1081 645 Pau-

98 666 162 725 lum
180 660 256 722 tanti
275 661 347 721 belli
369 662 514 722 victorem
541 663 708 738 despoliari
730 664 899 742 triumphm
926 667 1081 729 obnoxios

98 748 302 822 imperatores
322 744 401 805 tradi
420 743 561 805 licentiae
580 753 674 823 atque
695 747 840 809 avaritiae
852 748 980 811 militari.
1000 765 1083 812 nunc

99 829 190 891 nimis
205 843 300 904 saepe
315 843 372 904 per
387 827 582 889 ambitionem
594 829 732 905 pecuaria
755 830 839 907 quid,
854 833 882 893 si
896 831 1011 893 domini
1025 832 1081 894 mi·

99 915 168 975 lites
180 911 417 988 imperatoribus
427 911 642 988 imponamus
654 913 686 972 in
695 912 820 975 Galbam
832 932 889 991 pro
901 932 936 977 se
949 916 1080 993 quisque

100 997 217 1074 probra
230 995 379 1071 ingerere.
401 995 525 1056 tandem
538 996 599 1058 boc
608 998 738 1058 tumultu
747 997 857 1061 sedato
867 999 908 1059 Μ.
921 998 1078 1073 Servilius,

102 1079 156 1157 qui
172 1081 281 1140 consul
295 1085 326 1140 et
339 1078 484 1154 magister
497 1081 633 1156 equitum
647 1080 756 1156 luerat,
775 1087 810 1143 ut
823 1083 863 1143 de
876 1082 995 1157 integro
1011 1098 1079 1144 eam

98 1179 165 1225 rem
178 1170 305 1238 agerent
319 1162 358 1223 ab
373 1162 502 1225 tribunis
517 1170 630 1239 petere,
652 1163 837 1240 dicendique
851 1166 910 1227 sibi
924 1165 965 1227 ad
978 1182 1078 1243 popu·

100 1249 162 1310 lum
181 1251 363 1322 potestatem
383 1246 526 1307 lacerent
558 1247 670 1308 tribuni
691 1263 760 1309 curn
781 1249 823 1309 ad
848 1249 1081 1312 deliberandum

99 1330 320 1403 secessissent,
346 1327 419 1391 victi
442 1330 673 1392 auctoritatibus
698 1330 872 1406 principum
898 1332 937 1391 de
960 1332 1080 1407 integro

99 1429 192 1488 agere
207 1420 381 1489 coeperunt,
397 1420 661 1489 revocaturosque
672 1429 708 1473 se
719 1414 846 1474 easdem
857 1414 954 1475 tribus
968 1430 1079 1476 renun-

100 1498 225 1571 tiarunt,
241 1497 268 1558 si
280 1496 321 1557 Μ.
337 1496 486 1559 Servilius
501 1496 614 1572 aliique
628 1495 757 1572 privati,
773 1498 826 1572 qui
840 1496 944 1558 dicere
957 1498 1080 1559 vellent

99 1580 259 1641 dixissent.

180 1664 330 1725 XXXVII.
348 1662 422 1724 Tum
431 1663 575 1725 Suettius
589 1670 744 1738 „quantus
755 1660 922 1736 imperetur
931 1663 965 1724 L.
975 1664 1080 1724 Aemi·

100 1748 158 1809 lius
180 1747 284 1821 luerit,
306 1744 453 1821 Quirites,
474 1746 502 1806 si
523 1762 562 1807 ex
583 1746 643 1806 alia
655 1761 691 1805 re
705 1746 788 1808 nulla
802 1745 956 1808 aestimari
969 1746 1079 1823 possit,

100 1833 147 1892 vel
163 1832 223 1892 hoc
238 1830 314 1893 satis
329 1836 406 1905 erat·
419 1830 504 1904 quod
518 1846 588 1892 cum
603 1838 664 1891 tam
679 1828 846 1892 seditiosos
862 1836 893 1891 et
905 1832 991 1892 leves
1003 1829 1080 1891 rnili-

99 1922 160 1990 tes,
187 1922 249 1976 tam
268 1914 416 1986 nobilem,
442 1919 503 1973 tarn
523 1911 732 1989 temerarium,
757 1915 1026 1989 temetoquentem
1040 1914 1078 1976 ad

100 1997 303 2074 instigandam
328 1996 549 2058 multitudinem
573 1995 729 2058 inimicum
755 1996 787 2056 in
809 1995 919 2058 castris
941 1997 1079 2070 haberet,

100 2084 211 2143 nullam
236 2083 267 2142 in
293 2080 431 2141 exercitu
457 2081 638 2141 seditionem
658 2078 774 2141 habuit
802 2080 910 2140 eedem
930 2079 1079 2140 severitas

100 2165 234 2240 imperii,
256 2179 349 2240 quam
369 2178 452 2224 nunc
473 2164 618 2237 oderunt,
640 2170 712 2226 tunc
727 2179 782 2225 eos
797 2161 955 2224 continuit
977 2163 1081 2236 itaque

100 2249 225 2325 antiqua
246 2247 409 2322 disciplina
429 2247 523 2308 babiti
538 2245 572 2285 **
587 2262 689 2323 neque
703 2248 850 2307 lecerunt.
872 2244 939 2307 Ser.
956 2244 1081 2321 quidem

100 2334 205 2408 Galba,
220 2332 247 2392 si
262 2330 293 2392 in
308 2330 342 2391 L.
355 2330 450 2391 Paulo
465 2331 645 2393 accusando
660 2329 831 2392 tiroeinium
847 2345 965 2406 ponere
979 2335 1010 2390 et
1024 2329 1079 2390 do·

99 2423 273 2479 cumentum
289 2412 484 2490 eloquentiae
498 2415 573 2475 dare
587 2414 691 2489 voluit,
707 2431 770 2477 non
784 2413 969 2490 triumphurn
983 2412 1078 2487 impe-

101 2501 165 2561 dire
185 2501 305 2575 debuit,
336 2515 443 2575 quem,
471 2499 499 2560 si
518 2499 592 2559 nibil
612 2498 709 2572 aliud,
740 2505 866 2559 senatus
881 2499 992 2559 iustum
1007 2512 1079 2558 esse

99 2583 301 2658 iudicaverat,
318 2584 375 2645 scd
388 2589 518 2659 postero
533 2582 583 2643 die
597 2598 689 2658 quam
706 2582 921 2658 triumphatum
936 2588 997 2652 est,
1019 2578 1078 2655 pri·

99 2675 201 2726 vatum
216 2683 286 2728 curn
300 2667 423 2727 visurus
437 2674 530 2741 essct,
548 2681 659 2728 nomen
672 2666 805 2727 deterret
816 2672 846 2726 et
855 2663 975 2741 legibus
986 2663 1079 2725 inter-

99 2754 237 2822 rogaret,
260 2756 312 2809 aut
326 2750 427 2808 serius
442 2750 549 2823 paulo,
571 2765 641 2810 cum
655 2749 786 2823 primum
800 2749 995 2824 magistratus
1009 2748 1079 2824 ipse

99 2831 250 2908 cepisset,
272 2830 353 2890 diem
366 2830 496 2906 diceret,
517 2831 672 2892 inimicum
687 2831 727 2891 ad
743 2832 892 2905 populum
907 2836 1077 2893 accusaret

98 2923 141 2976 ita
161 2920 191 2975 et
209 2912 340 2989 pretium
359 2918 443 2975 recte
464 2914 535 2974 lecti
555 2914 743 2989 triumphum
763 2914 890 2974 haberet
909 2912 942 2972 L.
964 2914 1077 2976 Paulus

99 3015 156 3075 pro
182 2996 305 3073 egregie
324 2996 406 3056 bello
426 3003 532 3073 gesto,
558 3003 589 3058 et
609 3013 757 3073 poenam,
780 2996 811 3057 si
831 2996 905 3071 quid
925 3003 955 3058 et
974 3004 1078 3058 vetere

98 3082 197 3159 gloria
218 3097 277 3142 sue
296 3086 327 3142 et
346 3096 428 3141 nova
445 3079 604 3156 indignum
618 3080 753 3142 lecisset
777 3080 834 3141 sed
846 3079 1003 3155 videlicet,
1028 3081 1079 3144 cui

99 3167 213 3227 crimen
233 3164 362 3239 nullum,
384 3164 500 3226 nullum
513 3165 659 3241 probrum
674 3164 777 3228 dicere
792 3170 925 3238 poterat,
940 3164 1008 3226 elus
1023 3165 1077 3225 ob·

98 3256 227 3311 uectore
247 3250 356 3310 leudes
382 3248 486 3309 voluit
522 3249 602 3309 diem
629 3248 778 3323 integrum
798 3248 942 3309 hesterno
967 3247 1079 3308 dicad

98 3334 306 3395 accusandum
327 3332 361 3392 L.
380 3331 508 3393 Paulum
522 3332 621 3408 petita
644 3339 787 3408 quattuor
801 3331 909 3407 horas,
931 3338 1078 3406 quantum

99 3425 260 3493 supererat
274 3416 343 3489 diei,
360 3415 491 3477 dicendo
506 3416 686 3492 absumpsit
701 3414 770 3491 quis
787 3430 929 3491 umquam
946 3420 1008 3473 tam
1021 3427 1076 3472 no-

55 3525 59 3530 *
96 3514 173 3559 cens
192 3517 264 3561 reus
287 3501 355 3572 luit,
378 3498 466 3560 cuius
488 3497 560 3561 vitia
582 3501 662 3560 vitae
683 3506 728 3560 tot
748 3498 832 3561 horis
853 3494 991 3570 expromi
1013 3510 1075 3556 non

139 3600 165 3641 r.
180 3598 242 3641 mvr
256 3599 331 3642 raas
346 3583 384 3640 V.
838 3586 870 3639 19
