2642 4017
315 314 531 375 ttBltitxtv.
549 314 632 376 cAP.
646 324 693 378 ns.
715 315 751 394 [a.
765 321 873 396 ater]
1025 316 1088 385 277

110 482 237 529 causam
251 480 359 526 eorum
373 462 684 527 esturnellorum
699 466 783 542 Cato,
798 467 851 543 qui
862 483 955 545 asper
965 469 1087 546 ingenio

109 560 173 613 tum
193 551 292 611 lenem
314 547 478 625 mitemque
492 555 667 610 senatorem
680 549 751 625 egit
773 566 836 613 non
848 551 981 614 inseram
995 553 1088 615 simu·

109 636 224 695 lacrum
239 630 298 693 viri
312 631 433 708 copiosi
448 646 528 707 quae
548 632 659 694 dixerit
673 633 852 696 referendos
875 635 975 711 ipsius
990 638 1087 699 oratio

110 716 226 793 scripte
240 722 351 790 exstat,
366 714 522 791 Originum
536 715 643 793 quinto
656 715 735 778 libro
749 716 878 780 inclusa.
897 719 1027 782 Rhodiis
1041 736 1088 781 re-

111 817 262 878 sponsum
275 800 319 861 ite
331 799 484 860 redditum
498 806 555 874 est,
574 805 610 861 ut
621 815 680 860 neo
693 799 801 863 hostes
815 802 926 864 flerent
938 818 997 864 neo
1011 804 1088 865 socii

110 889 332 963 permanerent
364 881 551 944 Philocrates
571 888 603 943 et
620 885 810 964 Astymedes
830 887 986 963 principes
1006 890 1089 964 lege-

108 967 202 1031 tionis
223 975 318 1029 erant
339 974 458 1043 partem
476 981 547 1028 cunr
566 966 738 1030 Philocrate
757 969 933 1031 renuntiare
945 970 1087 1033 Rhodum

109 1051 291 1128 legationem
304 1050 432 1128 plectit,
457 1057 576 1127 partem
595 1065 665 1113 cum
685 1053 857 1132 Astymede
877 1055 994 1116 Romae
1014 1054 1087 1116 sule

110 1137 235 1209 sistere,
257 1150 432 1212 quaequae
446 1142 609 1210 ageremur
621 1134 715 1197 sciret
728 1137 937 1215 certioresque
952 1154 1028 1199 snos
1043 1140 1087 1198 la·

110 1225 202 1281 aeret
220 1219 251 1279 in
265 1219 441 1295 praesentia
454 1218 610 1294 praesidia
625 1219 780 1280 deducere
794 1227 993 1283 antemnam
1008 1222 1089 1282 dem

110 1320 149 1364 ex
168 1303 265 1383 Lycia
285 1301 434 1378 carieque
453 1302 612 1363 iusserunt
631 1303 815 1378 praefectos.
844 1304 924 1365 haee
944 1304 1088 1366 Rhodum

109 1386 255 1448 nuntiata
279 1402 359 1462 quae
377 1400 435 1462 per
454 1402 491 1446 se
510 1385 608 1446 tristia
621 1385 767 1461 luissent,
789 1386 862 1462 quia
879 1387 1004 1448 mdorss
1017 1388 1088 1447 mali

110 1472 229 1532 levatus
242 1476 308 1531 erat
319 1468 419 1543 timor,
434 1484 505 1530 cnm
515 1469 629 1529 bellum
642 1468 823 1542 timuissent
837 1470 868 1529 in
882 1470 1029 1545 gaudium
1040 1485 1089 1529 re-

110 1554 247 1615 nuntiate
265 1559 431 1617 venerunt.
451 1552 555 1627 itaque
577 1552 734 1627 extemplo
754 1568 901 1614 eoronam
914 1550 1020 1629 viginti
1033 1553 1087 1612 mi·

109 1636 181 1698 lium
190 1654 351 1700 aureorum
359 1636 570 1697 decreverunt
581 1635 777 1696 Theaetetom
783 1637 971 1710 praelectum
979 1636 1089 1698 classis

109 1721 141 1783 in
164 1738 232 1784 eam
252 1719 435 1797 legationem
456 1720 616 1780 miserunt.
639 1718 819 1780 societatem
832 1720 872 1781 ab
886 1721 1033 1783 Romanis
1046 1721 1090 1783 ite

109 1806 255 1868 volebant
267 1804 340 1881 pell,
361 1810 396 1865 ut
409 1805 524 1864 nullum
540 1803 579 1863 de
594 1818 633 1863 ea
644 1817 681 1862 re
693 1803 802 1865 scitum
816 1805 923 1881 populi
936 1805 1024 1866 lieret
1038 1810 1091 1866 aut
1129 1845 1132 1851 ,

109 1889 216 1951 litteris
227 1888 432 1962 mandaretur,
446 1886 531 1963 quod
542 1885 602 1947 nisi
612 1887 818 1961 impetrarent,
830 1888 928 1949 maior
937 1890 1090 1965 erepulse
1104 1932 1106 1935 .

109 1972 277 2050 ignominia
296 1978 390 2033 esset.
419 1969 568 2047 praelecti
588 1970 700 2032 elassis
718 1970 751 2030 id
770 1970 861 2032 unius
882 1978 948 2032 erat
965 1972 1031 2047 ius,
1056 1978 1090 2033 ut

110 2072 204 2132 agere
222 2056 373 2117 decere
393 2054 461 2116 sine
480 2054 640 2129 rogatione
660 2055 723 2116 ulle
743 2055 860 2130 perlata
880 2061 999 2130 posset.
1019 2071 1090 2115 nam

111 2142 152 2204 ita
168 2156 223 2216 per
236 2146 282 2201 tot
294 2154 394 2200 annos
409 2139 441 2198 in
454 2138 588 2200 amicitia
601 2139 730 2213 luerent,
744 2145 778 2198 ut
790 2138 898 2199 sociali
912 2137 1039 2199 loedere
1054 2154 1091 2200 se

110 2240 179 2286 cum
203 2221 350 2284 Romanis
375 2237 439 2283 non
459 2220 623 2298 illigat-ent,
650 2222 691 2283 ob
717 2221 831 2283 nullent
851 2222 941 2282 eliam
964 2236 1090 2282 causam

111 2324 203 2384 quam
223 2322 263 2369 ne
281 2321 370 2383 spem
389 2306 514 2382 regibus
528 2305 723 2368 absciderent
736 2304 840 2367 auxilii
854 2305 918 2379 sui,
941 2305 967 2366 si
982 2321 1043 2381 quo
1058 2305 1090 2366 id

111 2409 192 2469 opus
211 2400 304 2465 esset,
327 2406 388 2452 nen
407 2390 467 2453 sibi
487 2389 564 2466 ipsis
585 2391 703 2452 fructus
720 2405 761 2450 ex
780 2388 966 2465 benignitate
982 2397 1013 2450 et
1029 2389 1089 2450 lor-

111 2485 184 2538 tune
206 2493 312 2538 eorum
336 2473 538 2552 percipiendi.
570 2481 644 2536 tunc
667 2474 773 2550 utique
797 2474 931 2550 petenda
954 2471 1090 2534 societas

111 2561 285 2637 videbatur,
310 2575 373 2622 non
394 2574 475 2636 quae
496 2555 625 2621 tutiores
647 2573 704 2620 eos
725 2556 765 2618 ab
785 2556 853 2619 eliis
875 2558 1005 2626 laoeret;
1031 2571 1091 2618 nec

111 2644 191 2703 enim
210 2644 357 2705 timebant
380 2658 564 2720 quemquam
589 2649 712 2719 praeter
731 2642 905 2716 Romanos,
930 2640 989 2701 sed
1009 2655 1090 2717 quae

111 2725 189 2801 ipsis
208 2727 356 2787 Romanis
376 2727 477 2787 minus
498 2733 675 2801 suspectos.
700 2725 759 2787 sub
780 2723 863 2787 idem
884 2725 949 2785 lere
967 2730 1088 2799 tempus

112 2816 143 2869 et
170 2807 277 2868 Caunii
298 2808 457 2870 descivere
488 2808 526 2868 ab
550 2808 615 2882 his,
647 2815 678 2869 et
701 2808 898 2885 Mylasenses
922 2806 1090 2869 Euromen-

112 2891 192 2952 sium
217 2889 334 2968 oppida
358 2897 557 2966 occuparunt
590 2906 653 2951 non
673 2891 716 2951 ita
737 2891 823 2950 lraoti
845 2890 937 2950 animi
960 2891 1089 2953 civitatis

111 2982 212 3048 erant,
235 2983 351 3036 utnon
373 2973 536 3048 sentirent,
558 2974 585 3034 si
600 2973 699 3052 Lycia
718 2979 748 3032 et
762 2973 850 3034 ceria
871 2974 1031 3049 ademptae
1051 2975 1090 3035 eb

110 3060 258 3122 Romanis
274 3060 388 3131 forent,
411 3065 514 3118 eetern
528 3064 581 3119 aut
593 3073 629 3118 se
643 3057 713 3132 ipsa
727 3072 784 3132 per
797 3056 1002 3118 deiectionem
1015 3057 1090 3118 libe·

110 3151 213 3205 nerent
238 3151 292 3206 ant
315 3137 337 3203 ‘e
363 3142 499 3203 finitimis
519 3147 758 3217 occuparentur,
783 3141 897 3203 includi
916 3157 952 3203 se
971 3141 1092 3204 insulae

110 3244 228 3304 parvae
250 3235 281 3289 et
300 3224 413 3289 sterilis
433 3225 498 3302 egri
518 3225 685 3302 fluoribus,
706 3239 787 3301 quae
800 3240 994 3302 nequaquam
1008 3227 1092 3286 alere

111 3319 212 3374 mutae
239 3312 325 3374 urbis
359 3312 509 3388 populum
537 3316 654 3386 posset
694 3308 792 3371 missa
818 3306 910 3385 igitur
935 3309 1093 3369 iuventute

111 3412 246 3472 propere
262 3403 293 3458 et
309 3394 456 3471 Caunios,
480 3409 667 3471 quemquam
687 3393 898 3473 Cibyratarum
919 3390 1094 3452 asciverant

114 3481 242 3554 auxilia,
268 3485 437 3556 coegerunt
448 3477 576 3555 imperio
596 3493 723 3555 parere;
752 3484 783 3538 et
803 3476 999 3555 Mylasenses
1020 3473 1093 3532 Ala·

39 3550 49 3649 f
113 3563 354 3641 tandenosque,
381 3563 433 3641 qui
454 3563 689 3624 Euromensium
706 3561 896 3638 provinciam
917 3557 1091 3632 ademptum
