2642 4017
1138 160 1215 214 nvp

1115 202 1212 233 :Isth-lu

108 360 122 385 .
236 308 297 374 118
334 308 449 369 omer
462 308 536 369 xci.
559 306 642 368 cnr.
659 315 702 371 ιτ.
716 314 759 369 ra.
781 314 818 381 p.
831 312 975 372 mesre
988 312 1058 366 cc.
1072 314 1134 381 nn

236 458 391 537 prolioIsoi
411 455 515 531 iussit,
536 462 568 517 et
580 455 759 517 duumviros
780 457 906 517 navales
926 473 994 518 oum
1010 460 1113 520 classe
1126 457 1216 520 Pisas

235 545 293 616 ire,
316 543 369 618 qui
383 539 525 615 Ligurum
544 555 642 613 oram,
663 539 844 601 maritimum
859 557 983 617 quoque
998 548 1146 603 terrorem
1162 544 1218 603 ad·

234 632 402 698 moventes,
417 624 736 684 circumvectarentur.
762 625 872 684 eodem
885 623 973 685 Pisas
988 633 1018 685 ct
1032 625 1066 700 Q.
1079 625 1218 687 Petillios

236 710 345 772 consul
366 709 406 769 ad
427 708 671 768 conveniendum
693 707 839 768 exercitui
861 708 942 769 diem
959 710 1106 770 edixerat.
1136 716 1167 769 et
1183 709 1216 773 c.

235 794 378 856 claudius
393 791 560 868 proconsul
575 790 678 852 audita
691 790 858 852 rebelli0nc
866 792 1011 868 Ligurum
1025 800 1217 867 praetereas

236 878 359 954 copies,
382 890 460 951 quas
481 890 586 936 secum
599 872 727 933 Parmae
739 873 887 950 habebut,
908 874 1063 936 subitariis
1079 876 1217 937 collectis

225 959 387 1034 militibus,
402 959 567 1019 exercitum
581 957 621 1017 ud
635 959 714 1018 lines
725 956 867 1031 Ligurum
878 958 1022 1021 admovit.
1041 959 1149 1021 XVIII.
1161 960 1217 1020 ho·

234 1052 298 1105 stes
313 1043 372 1104 sub
388 1042 551 1104 adventum
567 1040 598 1101 C.
613 1040 746 1115 Claudii,
766 1057 862 1118 aquo
877 1043 956 1103 duoe
970 1058 1005 1104 sc
1018 1042 1218 1103 memmerunt

234 1141 334 1203 nuper
347 1126 388 1186 ud
403 1123 596 1186 Scultennam
616 1124 732 1185 flumen
745 1125 844 1187 motos
858 1127 1057 1203 lugetosque,
1077 1127 1216 1188 locorum

233 1210 330 1286 magis
352 1208 507 1285 praesidio
527 1210 679 1270 adversus
698 1208 858 1270 infeliciter
877 1217 1034 1287 expertam
1046 1210 1217 1287 nimquam

235 1293 328 1354 armis
343 1308 379 1353 sc
400 1292 556 1352 delensuri
572 1293 653 1354 duos
666 1299 787 1354 montes
799 1294 907 1355 Letum
921 1299 952 1353 et
964 1293 1111 1355 Balislam
1125 1310 1216 1372 cepe·

233 1385 318 1452 runt,
342 1391 492 1453 muroque
510 1376 638 1453 iusuper
658 1376 801 1452 amplexi.
830 1376 947 1437 tordius
968 1393 1008 1438 ex
1021 1379 1104 1453 agris
1119 1379 1214 1439 demi·

233 1469 357 1537 grantes
378 1459 522 1537 oppressi
542 1460 582 1520 od
603 1460 684 1520 mille
703 1467 735 1520 et
752 1459 908 1536 quingenti
927 1461 1098 1537 perierunm
1122 1461 1215 1524 ceteri

233 1546 387 1606 montibus
409 1559 444 1604 se
462 1544 619 1617 tenebant,
641 1549 724 1603 etue
738 1542 768 1603 in
788 1550 870 1605 metu
890 1543 1014 1619 quidem
1029 1545 1156 1607 leritetis
1171 1545 1215 1604 in·

232 1629 352 1704 genitae
374 1627 458 1689 obliti
480 1627 621 1688 saeviunt
640 1625 671 1686 in
692 1626 853 1701 praedem,
876 1642 956 1703 quoe
976 1627 1110 1689 Mutinae
1127 1636 1216 1702 portu

232 1718 306 1772 eret.
335 1712 475 1786 captivos
491 1727 560 1771 oum
576 1710 669 1771 loeda
682 1711 868 1771 laceratione
881 1709 1077 1782 iuterdciunm
1099 1726 1215 1787 pecora

232 1794 262 1854 in
278 1794 356 1854 leuis
372 1793 524 1855 trucident
537 1794 640 1855 verius
656 1794 775 1872 passim
790 1809 882 1870 quarn
896 1794 953 1855 rite
966 1794 1149 1855 socnlicant.
1165 1810 1215 1855 se·

231 1876 296 1940 tiati
310 1877 407 1938 caede
423 1877 628 1953 animantium,
643 1893 723 1954 quae
737 1876 870 1939 inanima
884 1884 970 1938 erunt
982 1877 1148 1954 parietibus
1160 1880 1214 1939 ad·

232 1960 354 2038 fligunt,
376 1977 454 2022 vase
471 1961 569 2022 omnis
588 1961 711 2036 generis
728 1960 799 2021 usui
813 1961 910 2036 magis
927 1976 1019 2037 quem
1035 1969 1213 2023 ornamento

231 2047 262 2108 in
278 2046 412 2122 speciem
428 2046 518 2106 lecta.
540 2044 573 2119 Q.
585 2043 718 2106 Petillios
734 2046 851 2120 consul,
865 2060 904 2105 ue
919 2044 1046 2106 absente
1061 2059 1096 2105 se
1111 2044 1213 2105 debel-

230 2130 352 2201 laretur,
368 2129 483 2190 litteras
497 2129 538 2189 cd
552 2127 584 2188 c.
599 2127 759 2189 Claudium
773 2127 869 2202 misit,
890 2135 924 2189 ut
938 2143 1008 2189 cum
1022 2128 1159 2189 exercitu
1173 2128 1212 2189 ad

231 2228 267 2272 se
282 2213 313 2273 iu
329 2212 454 2273 Galliam
469 2212 602 2274 veniretz
625 2211 743 2289 campis
756 2211 870 2273 McorIs
885 2228 921 2274 se
935 2227 1005 2273 eum
1019 2217 1213 2288 exspectetu-

230 2312 306 2357 rum.
330 2295 437 2357 litteris
451 2296 587 2371 acceptis
602 2295 746 2358 claudius
758 2313 801 2357 ex
814 2296 978 2371 Liguribus
992 2301 1095 2357 cestre
1108 2295 1213 2368 movit,

230 2379 460 2455 exercitumque
474 2380 514 2440 ad
531 2394 658 2454 campos
673 2379 795 2441 Macros
811 2379 932 2442 consuli
947 2379 1078 2440 tradidit.
1103 2378 1213 2440 eodem

231 2463 392 2539 [tempore]
401 2461 508 2537 peucls
520 2469 592 2537 post
603 2461 712 2522 diebus
721 2463 902 2525 0.Valerius
914 2462 1021 2524 consul
1033 2464 1109 2523 alter
1121 2462 1213 2522 venit.

230 2542 271 2602 ibi
292 2543 400 2604 divisis
415 2544 529 2619 copIIs,
553 2544 733 2620 prinsquam
747 2546 991 2622 digrederentur,
1014 2546 1215 2608 communiter

230 2625 320 2685 ambo
335 2627 488 2688 exercitus
504 2628 718 2689 lustraverunt
740 2635 802 2690 turn
817 2631 925 2705 sortiti,
941 2630 1090 2706 quianon
1107 2629 1147 2691 ab
1161 2645 1213 2690 ea·

229 2706 300 2765 dem
321 2714 485 2785 utriunque
505 2717 592 2787 parte
612 2711 740 2787 adgredi
757 2712 877 2776 hostem
893 2714 1047 2790 placebat,
1068 2714 1213 2789 regiones

230 2804 307 2863 quas
333 2798 478 2864 peterent.
512 2793 669 2856 Valerium
694 2797 854 2872 auspicato
879 2797 1018 2860 sortitum
1043 2797 1213 2872 conslcbat,

230 2870 315 2945 quod
335 2872 494 2953 intemplo
513 2878 637 2941 luisset=
660 2880 691 2940 iu
704 2879 820 2942 Petillio
839 2881 870 2943 id
883 2881 958 2943 vitio
974 2882 1086 2942 iactum
1102 2887 1212 2956 posteo

228 2968 361 3026 augures
376 2964 617 3038 responderunt,
634 2965 719 3041 quod
732 2972 821 3027 extra
835 2966 980 3041 templum
995 2971 1109 3026 sortem
1124 2964 1154 3023 In
1170 2964 1211 3022 si·

227 3035 329 3131 tellam
346 3038 376 3098 in
391 3047 535 3121 templum
554 3050 646 3109 latam
668 3049 743 3110 loris
764 3050 833 3127 lpse
844 3047 876 3089 l*
893 3054 1057 3124 oporteret.
1080 3046 1211 3123 proiecti

227 3116 346 3215 lndem
369 3122 509 3190 diversas
530 3130 684 3207 regiones.
715 3132 850 3195 Petillios
868 3132 1018 3192 adversus
1032 3131 1167 3192 Bolistce
1182 3135 1212 3190 et

226 3199 291 3298 ¹10ss
306 3217 419 3279 lusum,
437 3214 522 3285 quod
537 3231 591 3275 eos
609 3223 729 3279 montes
740 3223 888 3293 perpetuo
901 3214 996 3277 dorso
1007 3216 1087 3276 inter
1098 3230 1134 3277 se
1145 3213 1211 3273 iun·

225 3291 277 3360 git,
292 3293 394 3383 cestra
408 3289 521 3355 habuit.
544 3297 585 3357 ibi
600 3300 809 3362 adhortantem
824 3316 896 3362 eum
911 3315 968 3375 pro
980 3299 1123 3361 eontione
1133 3296 1210 3356 mili·

225 3373 288 3443 tes,
301 3385 516 3464 ‘immemorem
538 3380 743 3459 ambiguitatis
760 3384 859 3458 verbi,
880 3381 1045 3444 ominatum
1059 3384 1161 3443 lerunt
1175 3395 1211 3440 se

222 3465 263 3546 eo
279 3451 328 3548 dre
342 3452 450 3517 Letum
466 3470 625 3538 capturum
641 3482 721 3529 esse.
744 3469 864 3531 duabus
879 3466 968 3529 simul
983 3466 1120 3542 pertibus
1136 3462 1209 3528 sub-

222 3547 269 3593 ire
282 3551 313 3595 ru
327 3538 478 3605 adversos
494 3561 613 3611 montes
629 3551 739 3627 coepit.
773 3568 810 3613 cu
824 3567 912 3628 pars,
928 3550 958 3609 in
974 3565 1036 3625 qua
1050 3549 1119 3625 ipse
1133 3553 1208 3615 erat
