2642 4017
305 298 422 360 LIBER
435 298 522 358 XLII.
543 298 626 359 cAP.
641 307 669 362 6.
683 305 710 362 7.
729 305 815 372 iac.
827 306 889 374 173]
1030 301 1092 365 135

107 452 256 530 temporis
270 449 366 526 gratia
378 450 443 524 regi
457 449 553 510 lieret.
575 449 691 510 donum
701 457 861 525 praeterea
873 451 1002 528 adierre,
1016 470 1093 515 vasa

108 553 202 599 aurea
222 533 420 612 quingentum
440 533 556 608 pondo.
589 539 695 609 petere
714 549 833 609 regem,
853 542 901 611 ut,
922 552 1003 612 quae
1024 552 1093 598 cum

108 627 196 699 patre
210 636 269 680 suo
285 618 419 679 societas
433 624 527 693 atque
540 617 672 678 amicitia
686 618 810 692 luisset,
829 633 868 679 ea
881 634 988 681 secum
1002 635 1092 681 reno·
1149 644 1151 649 ·

108 710 241 778 veretur,
257 704 482 778 imperaretque
496 699 555 762 sibi
569 702 704 777 populus
719 702 892 779 Romanus,
915 720 996 780 quae
1011 706 1093 767 bono

108 786 255 864 fidelique
276 786 362 847 socio
383 785 448 860 regi
467 792 575 845 essent
594 786 789 861 imperanda=
811 802 847 847 se
861 788 945 849 nullo
960 804 1092 865 usquam

109 880 302 934 cessaturum
323 869 437 930 officio.
470 884 508 929 ea
528 868 635 932 merita
653 870 684 929 in
700 885 736 929 se
750 876 876 932 senatus
891 872 1003 947 luisse,
1024 888 1094 934 cum

107 959 225 1018 Romae
241 960 335 1030 esset,
350 968 418 1013 eam
433 953 604 1014 comitatem
617 953 800 1030 iuventutis,
814 962 848 1016 ut
861 971 918 1031 pro
932 971 1015 1032 rege,
1032 974 1094 1017 non

109 1056 168 1117 pro
189 1038 298 1100 obside
313 1037 454 1099 omnibus
470 1037 629 1098 ordinibus
644 1036 743 1099 luerit
775 1038 885 1115 legatis
899 1039 1031 1116 benigne
1045 1056 1094 1102 re·

109 1139 269 1200 sponsum
284 1129 315 1183 et
325 1121 503 1182 societatem
512 1136 664 1183 renovare
675 1136 744 1182 oum
756 1122 917 1196 Antiocho,
933 1139 1013 1199 quae
1024 1139 1095 1187 cum

109 1215 196 1286 patre
210 1207 277 1267 eius
292 1206 400 1279 iuerat,
413 1206 452 1265 Α.
463 1204 575 1266 Atilius
586 1213 712 1281 praetor
722 1207 857 1268 urbanus
869 1206 982 1269 iussus.
1000 1223 1094 1284 quae·

109 1300 212 1354 stores
223 1290 331 1351 urbani
344 1287 538 1364 stipendium,
545 1305 622 1350 vasa
633 1305 727 1350 auree
739 1306 887 1353 censores
899 1298 1094 1367 aeceperunt,

110 1377 221 1451 eisque
246 1373 401 1448 negotium
426 1372 531 1434 datum
556 1380 619 1446 est,
644 1379 678 1433 ut
702 1380 853 1449 ponerent
872 1390 910 1434 ea
930 1373 960 1435 in
982 1375 1094 1450 quibus

108 1457 234 1535 templis
252 1456 421 1527 videretur;
446 1464 539 1533 atque
553 1458 655 1533 legato
670 1465 791 1519 centum
805 1457 919 1518 milium
934 1458 1015 1518 aeris
1030 1474 1095 1518 mu·

110 1560 169 1604 nus
184 1543 322 1614 missum,
337 1549 368 1602 et
381 1540 477 1601 aedes
492 1540 607 1600 liberae
619 1535 756 1616 hospitio
771 1542 876 1614 datae,
892 1547 1095 1617 sumptusque

110 1627 263 1702 decretus,
278 1626 378 1686 donec
392 1624 423 1684 in
435 1623 520 1686 ltalia
531 1631 623 1684 esset.
646 1625 747 1700 iegati,
760 1625 853 1701 quiin
866 1623 1095 1704 Syriaiuerant,

110 1711 362 1772 renuntiaverunt
380 1709 411 1769 in
432 1706 566 1768 maximo
586 1723 658 1767 eum
672 1707 791 1769 honore
808 1709 892 1784 apud
905 1724 1008 1785 regem
1023 1724 1096 1770 esse

110 1793 391 1868 amicissimumque
405 1793 522 1868 populo
536 1792 685 1853 Romano.

195 1878 261 1937 Vll.
282 1878 317 1937 ln
332 1875 500 1953 provinciis
521 1892 559 1937 eo
583 1892 662 1939 anno
677 1875 764 1936 haec.
792 1876 823 1937 O.
838 1876 991 1937 Cicereius
1006 1892 1095 1953 prae·

111 1969 161 2024 tor
175 1962 206 2022 in
221 1960 348 2023 Corsica
361 1960 458 2036 signis
473 1960 591 2021 collatis
606 1959 770 2036 pugnavitz
795 1966 914 2036 septem
929 1958 1011 2021 rnilia
1024 1960 1093 2041 Gor-

112 2061 217 2108 sorum
232 2060 341 2119 caesa,
361 2043 443 2119 capti
457 2044 588 2120 amplius
602 2045 684 2104 mille
699 2051 729 2105 et
743 2043 937 2121 septingenti.
968 2052 1097 2106 voverat

112 2130 144 2189 in
160 2144 199 2190 ea
217 2144 321 2204 pugna
338 2134 464 2204 praetor
484 2128 593 2189 aedem
606 2128 715 2189 lunoni
729 2127 880 2190 Monetae.
910 2144 971 2204 pax
986 2127 1097 2188 deinde

114 2215 187 2274 data
197 2213 371 2289 petentibus
378 2210 493 2286 corsis,
501 2219 532 2272 et
542 2219 650 2273 exacta
659 2227 750 2273 cerae
757 2213 877 2274 ducena
887 2211 969 2271 milia
980 2212 1095 2287 pondo.

114 2312 154 2357 ex
168 2296 294 2358 Corsica
314 2296 442 2357 subacta
456 2294 610 2357 Cicereius
630 2295 661 2356 in
675 2294 848 2357 Sardiniam
862 2293 1038 2356 transmisit.
1067 2302 1097 2356 et

113 2382 144 2442 in
157 2380 320 2456 Liguribus
339 2380 371 2441 iu
385 2394 460 2455 agro
476 2378 622 2442 Statellati
639 2386 807 2457 pugnaturn
822 2380 861 2439 ad
877 2379 1025 2456 oppidum
1041 2376 1095 2438 Ca-

113 2470 243 2543 rystum.
279 2479 317 2525 eo
345 2479 381 2526 se
403 2479 534 2538 magnus
563 2467 717 2526 exereitus
744 2465 890 2541 Ligurum
918 2463 1096 2524 contulerat.

113 2548 213 2625 primo
234 2548 294 2609 sub
315 2547 477 2608 adventum
492 2546 533 2608 Μ.
546 2547 667 2625 Popillii
687 2549 824 2611 consulis
845 2548 1007 2608 moenibus
1025 2562 1098 2608 sese

114 2632 327 2703 continebant;
357 2632 469 2692 deinde
494 2638 658 2709 postquam
679 2633 827 2710 oppidum
849 2637 1098 2708 oppugnaturum

113 2717 286 2777 Romanum
300 2714 472 2789 cernebant,
487 2717 646 2792 progressi
662 2724 732 2778 ante
746 2724 852 2794 portas
867 2717 963 2777 aciem
979 2722 1098 2776 struxe-

113 2807 193 2861 runt.
226 2816 284 2861 neo
305 2800 428 2874 consul,
448 2807 481 2859 ut
501 2799 552 2874 qui
567 2800 715 2876 idipsum
730 2800 959 2876 oppugnatione
974 2795 1099 2860 commi-

113 2883 218 2944 nanda
238 2883 422 2959 quaesisset,
442 2898 558 2943 moram
580 2884 737 2945 certamini
757 2884 838 2944 iecit.
870 2891 1037 2958 pugnatum
1052 2887 1100 2942 est

115 2967 247 3042 amplius
256 2975 321 3028 tres
333 2967 435 3041 horas,
450 2966 492 3026 ita
502 2974 536 3027 ut
545 2972 653 3028 neutro
667 2966 827 3028 inclinaret
840 2982 925 3042 spes.
948 2965 1033 3041 quod
1046 2964 1100 3025 ubi

44 3098 46 3101 v
115 3052 226 3112 consul
246 3051 322 3111 vidit
341 3050 424 3111 nulla
445 3058 533 3126 purte
554 3051 672 3111 moveri
685 3051 830 3127 Ligurum
845 3051 950 3125 signa,
969 3050 1100 3125 imperat

114 3134 281 3210 equitibus,
298 3141 332 3196 ut
343 3148 442 3210 equos
458 3134 678 3209 conscendant
694 3150 731 3195 ae
745 3135 842 3198 tribua
857 3134 947 3196 simul
961 3133 1099 3209 partibus

114 3218 146 3278 in
166 3217 290 3293 lrosteS,
317 3225 430 3293 quanto
457 3218 589 3279 maximo
615 3224 744 3295 possent
764 3220 908 3293 tumultu,
934 3215 1099 3278 incurrant.

115 3317 191 3378 pars
210 3317 323 3377 magna
342 3302 476 3379 equitum
497 3301 628 3363 mediam
649 3303 768 3363 traiecit
788 3303 883 3363 aciem
904 3308 935 3362 et
956 3301 994 3361 ad
1015 3307 1102 3373 terga

115 3387 315 3461 pugnantium
336 3385 482 3462 pervasit.
514 3385 586 3446 inde
600 3392 699 3448 terror
712 3386 842 3447 iniectus
855 3384 1034 3460 Liguribus=
1056 3380 1100 3440 di·

115 3470 199 3531 versi
220 3469 251 3530 in
273 3484 380 3530 omnes
402 3475 507 3545 partes
529 3470 686 3545 fugerunt,
708 3470 855 3545 perpauci
869 3474 951 3527 retro
967 3466 997 3524 in
1012 3464 1099 3538 oppi·
1168 3512 1182 3535 ,

116 3553 199 3627 dum,
216 3553 290 3629 quia
302 3553 375 3613 inde
389 3568 425 3613 se
438 3554 571 3613 maxime
586 3553 741 3614 obiecerat
755 3567 862 3626 eques.
882 3556 912 3610 et
925 3554 1101 3623 pugnatam
1163 3610 1169 3617 ,
