2642 4017
224 244 268 308 50
366 243 482 305 LIBER
494 242 628 303 XXXIX.
651 244 734 303 CAP.
750 252 792 306 55.
804 254 849 306 55.
872 250 909 318 [a.
925 250 959 303 5.
976 268 1000 304 e.
1014 250 1077 318 559]

306 371 383 455 LlV.
405 395 483 454 Dum
499 393 577 454 haec
591 394 622 453 15
636 392 819 453 Macedonia
831 399 992 470 geruntur,
1013 394 1158 455 consules
1172 395 1200 455 in
1310 443 1311 458 ,

223 478 399 556 provincias
420 476 560 556 protecti.
594 476 757 537 Marcellus
776 477 911 537 nuntium
932 476 1089 552 praemisit
1110 478 1150 537 ad
1168 479 1200 538 L.

221 562 362 622 Porcium
380 561 613 638 proconsulem,
634 567 669 620 ut
688 560 729 619 ad
749 575 863 621 novum
886 560 1041 621 Gallorum
1056 561 1201 637 oppidum

222 646 361 721 legiones
376 646 563 706 admoveret
591 643 766 704 advenienti
786 644 905 705 consuli
925 643 1002 704 Galli
1023 659 1096 705 sese
1117 645 1199 704 dedi·

224 731 342 790 derunt.
373 728 537 789 duodecim
550 726 633 787 milia
647 733 831 788 armatorum
851 734 951 789 erant:
967 729 1107 803 plerique
1120 745 1201 789 arma

223 829 261 873 ex
277 813 359 889 agris
373 819 461 887 rapta
480 811 648 871 habebant:
678 827 715 871 55
735 827 827 887 aegre
847 812 1033 887 patientibus
1048 812 1086 872 iis
1101 812 1201 871 adem·

222 904 291 971 pta,
308 911 449 972 quaeque
462 895 523 956 5115
537 902 588 957 aut
602 895 785 971 populantes
803 911 896 970 agros
910 902 1076 972 rapuerant
1090 902 1141 955 aut
1154 911 1200 955 se

223 995 292 1041 cunt
306 980 475 1039 attulerant
501 979 540 1039 cle
550 979 599 1039 his
611 979 705 1039 rebus
721 980 773 1054 qui
788 985 999 1054 quererentur,
1012 979 1131 1054 legatos
1142 977 1201 1039 Ro·

221 1079 302 1123 mam
316 1062 473 1123 miserunt.
500 1062 664 1123 introducti
678 1063 709 1121 in
724 1070 863 1123 senatum
883 1079 902 1122 a
924 1063 955 1124 G.
970 1063 1095 1123 Valerio
1116 1078 1202 1138 prae·

221 1153 288 1207 tore
300 1153 510 1221 exposuerunt
523 1162 559 1207 se
580 1153 745 1222 superante
765 1147 796 1205 in
818 1147 915 1207 Gallia
934 1146 1124 1207 multitudine
1139 1146 1202 1207 155·
1242 1143 1248 1147 ’

222 1230 275 1305 pia
292 1236 418 1291 coactos
432 1230 497 1306 agri
512 1237 542 1290 et
556 1237 694 1304 egestate
708 1231 748 1290 ad
763 1231 970 1305 quaerendam
986 1231 1092 1290 sedem
1107 1230 1202 1305 Alpes

222 1320 451 1390 transgressos,
467 1329 547 1389 quae
560 1313 674 1374 inculta
695 1329 752 1390 per
776 1314 956 1375 solitudines
984 1313 1139 1388 viderent,
1162 1313 1202 1372 ibi

222 1397 289 1459 sine
299 1398 390 1459 ullius
402 1397 511 1458 iniuria
522 1397 716 1458 consedisse.
746 1398 893 1474 oppidum
905 1413 1030 1473 quoque
1041 1397 1203 1458 aedificare
1310 1403 1311 1446 i

223 1483 381 1558 coepisse,
397 1481 482 1558 quod
498 1480 642 1541 indicium
658 1488 814 1542 essetnec
829 1497 902 1557 agro
919 1497 978 1542 nec
991 1480 1060 1542 urbi
1074 1481 1127 1540 ulli
1143 1482 1202 1540 vim

222 1566 378 1626 adlaturos
395 1566 530 1627 venisse.
560 1581 659 1642 nuper
672 1566 713 1625 Μ.
730 1563 887 1627 Claudiurn
898 1566 938 1625 ad
950 1580 985 1625 se
998 1565 1135 1625 nuntium
1149 1564 1202 1624 mi·

222 1649 303 1709 sisse
312 1649 425 1709 bellurn
436 1665 472 1709 se
483 1665 552 1709 curn
563 1648 617 1725 iis,
633 1650 664 1708 ni
677 1649 876 1725 dederentur,
891 1657 1056 1726 gesturum.
1086 1663 1122 1710 55
1139 1664 1202 1708 cer·

223 1740 299 1807 tam,
315 1732 373 1792 etsi
387 1748 449 1792 non
467 1731 641 1808 speciosam
662 1748 771 1808 paoem
792 1748 884 1806 quam
899 1733 1014 1793 incerta
1029 1732 1100 1793 belli
1110 1748 1202 1810 prae·

223 1824 364 1892 optantes
380 1815 540 1876 dedidisse
554 1833 589 1876 se
603 1816 689 1892 prius
706 1816 741 1875 'in
762 1817 855 1876 fidem
871 1833 961 1892 quarn
977 1817 1008 1876 in
1022 1823 1203 1892 potestatem

196 1910 198 1913 ’
221 1900 328 1976 populi
341 1900 480 1960 Romani.
508 1906 580 1976 post
600 1915 718 1975 paucos
744 1900 812 1960 dies
833 1899 937 1960 iussos
952 1906 982 1959 et
996 1916 1070 1976 agro
1086 1907 1116 1960 et
1128 1898 1204 1960 urbe

222 1984 373 2045 decedere
387 1999 459 2044 sese
473 1984 582 2044 tacitos
596 1982 695 2058 abire,
711 2000 773 2058 quo
783 1989 932 2044 terrarum
942 1990 1081 2059 possent,
1095 1984 1126 2043 15
1141 1983 1205 2043 ani·
1310 2019 1311 2042 2

224 2084 275 2127 mo
291 2066 448 2126 habuisse.
476 2082 560 2126 arma
582 2067 695 2126 deinde
715 2067 788 2142 sibi,
800 2074 842 2128 et
856 2075 1012 2142 postremo
1029 2067 1131 2128 omnia
1145 2066 1205 2127 5115
1310 2113 1311 2120 ,

223 2166 303 2225 quae
317 2151 430 2209 terrent
443 2157 645 2226 agerentque,
660 2151 812 2226 adempta.
842 2166 932 2211 orare
946 2168 982 2211 se
994 2158 1134 2212 senatum
1147 2165 1202 2225 po·
1309 2191 1311 2226 z

166 2239 170 2248 '
222 2234 390 2309 putumque
403 2234 574 2296 Romanum
588 2250 628 2294 ne
648 2234 677 2294 in
697 2249 733 2294 se
752 2231 897 2295 innoxios
919 2235 1041 2296 deditos
1062 2233 1204 2296 acerbius
1309 2237 1311 2314 ζ

223 2335 314 2393 quam
329 2318 359 2378 in
374 2317 482 2380 hostes
499 2319 681 2379 saevirent.¹
703 2317 775 2378 huic
796 2318 925 2379 orationi
947 2325 1073 2398 senatus
1094 2319 1136 2379 ita
1156 2333 1205 2377 re·
1309 2319 1311 2400 t

223 2401 370 2477 sponderi
385 2401 607 2476 iussit„neque
622 2402 692 2462 illos
712 2408 796 2462 recte
816 2402 943 2477 fecisse,
959 2418 1028 2462 cum
1042 2403 1073 2462 15
1088 2401 1206 2462 ltaliam

222 2485 361 2545 venerint
375 2484 586 2559 oppidumque
600 2485 630 2544 in
645 2485 745 2545 alieno
762 2501 852 2560 agro,
866 2485 978 2546 nullius
995 2486 1125 2549 Romani
1140 2501 1206 2545 ma·

222 2567 382 2643 gistratus‚
399 2568 450 2642 qui
462 2567 491 2627 ei
502 2568 681 2643 provinciae
692 2576 861 2644 praeesset,
876 2570 1027 2644 permissu
1039 2569 1207 2630 aedificare

223 2650 324 2711 conati
339 2650 416 2721 sint3
438 2666 539 2726 neque
559 2652 677 2713 senatui
698 2653 820 2727 placere
840 2652 962 2714 deditos
983 2653 1120 2730 spoliari.
1149 2651 1206 2711 ita-

223 2748 283 2809 que
297 2749 333 2793 se
348 2749 416 2793 cum
431 2734 469 2794 115
487 2735 605 2811 legatos
621 2737 661 2795 ad
676 2737 833 2795 consulem
847 2736 1013 2813 missuros,
1030 2737 1097 2811 qui,
1114 2735 1141 2797 si
1155 2751 1207 2796 re·

224 2819 317 2880 deant
330 2818 412 2878 unde
425 2819 577 2894 venerint,
594 2820 695 2879 omnia
709 2820 747 2879 iis
762 2835 819 2879 sua
832 2820 921 2879 reddi
936 2820 1073 2895 iubeant,
1090 2820 1208 2896 quique

223 2902 363 2976 protinus
378 2910 449 2964 eant
465 2908 551 2964 trans
565 2903 678 2979 Alpes,
693 2908 724 2962 et
739 2903 917 2963 denuntient
931 2903 1054 2965 Gallicis
1071 2901 1208 2980 populis,

223 2984 443 3047 multitudinem
457 3002 545 3048 suam
564 2987 647 3047 domi
668 2986 857 3048 contineant:
886 2987 984 3062 Alpes
1005 3002 1104 3063 prope
1117 2987 1207 3046 inex-

222 3068 427 3144 superabilem
442 3068 580 3130 555515
596 3070 697 3131 medio
713 3085 805 3140 esses
831 3085 892 3129 non
913 3071 1017 3145 utique
1039 3070 1077 3130 iis
1091 3069 1208 3130 melius

223 3154 305 3225 lore,
321 3169 411 3227 quarn
428 3153 480 3229 qui
500 3169 554 3214 eas
576 3154 664 3230 primi
681 3153 805 3229 pervias
825 3153 980 3214 fecissent.
1009 3154 1101 3229 legati
1115 3152 1209 3214 missi

221 3237 254 3296 L.
264 3234 374 3296 Furius
385 3236 533 3313 Purpurio
546 3236 580 3312 Q.
591 3237 744 3298 Minucius
755 3237 927 3298 L.Manlius
939 3238 1099 3298 Acidinus.
1116 3236 1209 3312 Galli,

221 3319 351 3381 redditis
367 3319 508 3381 omnibus
534 3337 613 3396 quae
627 3321 694 3382 sine
708 3320 890 3396 cuiusquam
915 3321 1025 3382 iniuria
1038 3320 1208 3392 habebant,

222 3403 309 3464 ltalia
323 3411 533 3465 excesserunt
575 3405 638 3465 LV.
654 3406 762 3481 legatis
777 3405 925 3465 Romanis
939 3404 1131 3480 Transalpini
1146 3420 1209 3479 po·

221 3487 284 3566 puli
298 3489 430 3565 benigne
444 3488 679 3565 responderunt.
707 3490 846 3563 seniores
868 3503 973 3548 eorum
989 3488 1113 3548 nimiam
1126 3485 1209 3547 leni·
