2642 4017
303 239 420 301 LIBER
433 240 520 300 XLII.
544 240 627 301 CAP.
642 249 687 304 44·
699 250 744 303 45.
766 248 804 318 [a.
816 248 847 305 0.
861 247 921 317 171]
1041 240 1100 307 167

123 399 327 466 auctoresque
343 390 435 451 ethis
452 398 484 452 et
495 391 659 466 separatim
674 391 803 467 singulis
818 392 941 453 luerunt
958 393 998 452 ad
1012 408 1101 454 reno·

122 474 255 536 dandam
276 473 437 534 amicitlam
456 474 593 534 mittendi
613 476 742 535 Romam
760 476 888 549 legatos.
917 481 987 535 ante
1001 478 1102 538 omnia

122 560 246 619 exsules
267 556 385 618 restitui
411 558 581 628 iusserunt,
603 565 633 618 et
652 563 793 618 auctores
817 559 922 634 regiae
947 559 1101 622 societatis

122 643 246 703 decreto
262 656 321 701 suo
337 641 525 701 damnarunt.
557 639 607 716 ita,
623 641 709 716 quod
722 640 856 702 maxime
869 642 1022 716 volebant,
1039 643 1102 704 dis·

125 741 218 787 cusso
255 725 402 786 Boeotico
438 723 569 785 concilio
596 723 842 800 Peloponnesum
866 726 1104 801 proficiscuntur

123 809 189 870 Ser.
198 807 338 870 Cornelio
353 807 527 868 Chalcidem
538 808 698 870 arcessito.
715 809 808 884 argis
822 810 993 884 praebitum
1007 818 1054 872 est
1064 810 1102 871 iis

122 891 301 962 concilium
322 890 375 952 ubi
400 890 473 952 nihil
497 890 580 951 aliud
597 898 719 967 agente
732 892 928 954 Achaeorum
942 894 1101 970 petierunt,

122 993 214 1052 quam
226 982 260 1037 ut
273 975 354 1037 mille
368 975 477 1037 milites
493 974 608 1036 darent.
633 974 665 1034 id
677 975 862 1051 praesidium
874 978 915 1038 ad
929 977 1102 1039 chalcidem

121 1059 280 1133 tuendam,
303 1059 375 1119 dum
393 1059 552 1120 Romanus
575 1057 728 1120 exercitus
742 1059 773 1119 in
788 1059 946 1122 Graeciam
959 1061 1101 1122 traicere·

120 1149 187 1219 tur,
200 1143 327 1204 missum
342 1149 399 1203 est.
427 1141 561 1203 Marcius
578 1148 608 1203 et
621 1142 731 1203 Atilius
752 1143 899 1219 peractis,
914 1160 994 1220 quae
1009 1160 1101 1221 agen

120 1227 163 1287 da
179 1227 209 1287 in
225 1226 353 1287 Graecia
367 1231 467 1299 erant,
488 1225 638 1301 principio
659 1226 768 1287 hiemis
787 1227 917 1288 Romam
937 1228 1102 1290 redierunt

206 1310 296 1369 XLV.
313 1310 389 1370 Inde
399 1309 511 1384 legatio
527 1308 585 1369 sub
601 1310 683 1370 idem
697 1318 819 1387 tempus
831 1308 863 1371 in
874 1312 981 1372 Asiam
995 1326 1032 1371 ac
1044 1313 1102 1372 cir·

122 1410 194 1455 cum
211 1394 330 1454 insutas
344 1393 449 1453 missa.
477 1399 540 1452 tres
565 1401 652 1455 erant
676 1394 782 1469 regau,
806 1394 850 1454 Ti.
877 1393 1021 1456 Claudius
1046 1393 1101 1470 Sp.

119 1478 297 1539 Postumius
311 1476 352 1538 Μ.
367 1476 482 1538 lunius.
512 1476 532 1536 ii
547 1476 770 1539 circumeuntes
784 1477 983 1539 hortabantur
997 1476 1101 1539 socios

120 1562 163 1623 ad
175 1561 405 1637 suscipiendum
421 1560 573 1621 adversus
593 1559 708 1619 Persea
727 1577 784 1636 pro
804 1560 951 1621 Romanis
970 1559 1101 1631 bellum;

121 1653 153 1707 et
167 1661 229 1720 quo
255 1660 399 1721 quaeque
427 1643 603 1719 opulentior
627 1641 736 1704 civitas
761 1650 840 1718 erat,
866 1659 904 1705 eo
929 1646 1100 1707 accuratius

121 1729 269 1805 agebant,
291 1729 364 1805 quia
383 1728 518 1788 minores
539 1733 702 1788 secuturae
723 1727 873 1789 maiorum
893 1727 1102 1789 auctoritatem

120 1820 219 1873 erant.
259 1811 372 1874 Rhodii
397 1810 520 1872 maximi
545 1811 586 1871 ad
609 1811 712 1870 omnin
735 1811 879 1872 momenti
901 1811 1101 1886 habebantur,

122 1895 272 1972 quianon
288 1896 522 1956 laveretantum
543 1894 601 1955 sed
622 1895 770 1955 adiuvare
790 1896 882 1955 etiam
900 1896 1018 1957 viribus
1033 1895 1101 1956 suis

119 1980 234 2040 bellum
249 1986 405 2055 poterant,
422 1979 625 2055 quadraginta
639 1977 770 2039 navibus
796 1984 921 2040 auctore
943 1979 1101 2053 Hegesilo-

124 2063 183 2125 eho
198 2063 406 2140 praeparatis,
421 2062 473 2139 qui
488 2076 557 2124 cum
577 2063 608 2122 in
630 2078 750 2123 summo
772 2061 951 2136 magistratu
964 2068 1049 2121 esset
1061 2094 1104 2106 -

123 2146 266 2225 prytanin
277 2146 338 2223 ipsi
349 2153 513 2207 vocant-
523 2147 626 2207 multis
639 2145 828 2208 orationibus
839 2147 1011 2221 pervicerat
1020 2143 1103 2206 Rho-

123 2230 400 2306 dios,utomissa,
417 2245 619 2306 quamsaepe
640 2246 751 2291 vanam
774 2229 892 2304 experti
913 2235 1034 2304 essent,
1055 2244 1103 2289 re-

122 2330 194 2390 gum
208 2315 411 2376 fovendorum
426 2329 484 2390 spe
497 2314 668 2374 Romanam
681 2314 875 2386 societatem,
890 2329 982 2375 unam
996 2319 1058 2373 tum
1072 2312 1102 2373 iu

124 2398 213 2459 terris
227 2399 277 2458 vel
291 2398 409 2459 viribus
419 2399 470 2459 vel
480 2397 543 2459 fide
557 2397 706 2473 stabilem,
721 2397 895 2458 retinerent.
919 2396 1032 2458 bellum
1048 2395 1103 2455 im·

123 2482 239 2543 minere
254 2498 323 2543 cum
336 2481 466 2551 Persem
482 2481 712 2542 desideraturos
728 2483 886 2543 Romanos
902 2481 1034 2543 eundem
1050 2495 1102 2540 ua-

123 2566 225 2626 valem
240 2572 438 2642 apparatum,
456 2580 547 2640 quem
562 2581 661 2641 nuper
676 2564 836 2640 Antiochi,
859 2580 951 2642 quem
970 2563 1102 2639 Philippi

122 2657 194 2710 ante
207 2649 288 2710 bello
304 2649 464 2711 vidissent.
493 2648 700 2724 trepidaturos
725 2656 788 2710 tum
813 2656 940 2725 repente
966 2648 1105 2724 paranda

123 2734 243 2808 classe,
258 2748 327 2794 cum
342 2733 489 2794 mittenda
503 2737 602 2806 esset,
625 2732 686 2793 nisi
705 2733 834 2793 relicere
853 2748 963 2806 naves,
985 2731 1044 2792 nisi
1058 2732 1103 2791 in·

124 2824 245 2878 struere
265 2817 426 2878 navalibus
449 2816 544 2876 sociis
565 2814 752 2892 coepissent.
782 2816 814 2876 id
834 2831 871 2876 eo
892 2816 992 2890 magis
1013 2814 1111 2874 enixe'

123 2900 300 2962 faciundum
315 2916 403 2977 esse,
417 2907 450 2960 ut
464 2899 589 2959 crimina
607 2899 709 2960 delata
722 2898 760 2959 ab
775 2898 911 2959 Eumene
926 2898 988 2958 fide
1003 2913 1105 2958 rerum

121 2985 306 3046 refellerent.
335 2984 385 3046 his
403 2983 517 3044 incitati
534 2981 738 3060 quadraginta
757 2982 880 3042 navium
902 2982 1035 3042 classem
1059 2980 1104 3041 in·

123 3075 271 3131 shuctam
287 3075 486 3143 ornatamque
502 3067 611 3142 legatis
631 3065 779 3127 Romanis
800 3063 1050 3141 advenientibus,
1072 3070 1106 3125 ut

122 3169 187 3215 non
202 3159 413 3229 exspectatam
427 3150 670 3212 adhortationem
685 3165 758 3211 esse
773 3149 1105 3225 appareret'ostende

122 3245 204 3299 runt.
237 3245 268 3299 et
278 3237 356 3298 haec
370 3236 480 3312 legatio
494 3250 638 3310 magnum
654 3234 694 3294 ad
706 3233 916 3295 conciliandos
928 3234 1048 3294 animos
1064 3232 1105 3290 ci-

123 3321 263 3383 vitatium
278 3322 374 3384 Asiae
388 3325 575 3380 momentum
590 3318 655 3379 init.
683 3317 837 3379 Decimius
858 3334 939 3378 unus
961 3317 1028 3376 sine
1043 3315 1106 3373 ulto

126 3404 253 3481 effectu,
268 3413 426 3483 captarum
441 3404 531 3465 etiam
542 3402 741 3479 pecuniarum
751 3402 790 3462 ab
800 3400 924 3476 regibus
935 3397 1106 3474 lllyriorum

127 3490 306 3567 suspicione
319 3489 458 3564 infamis,
471 3490 600 3549 Romam
614 3486 713 3552 rediit.
