2642 4017
463 277 590 343 264
798 275 1028 336 LIBER
1055 275 1235 335 XLV.
1267 276 1435 336 cAP.
1468 284 1661 338 1213.
1694 283 1766 350 [a.
1791 283 1862 334 U.
1888 299 1935 334 0.
1960 281 2085 348 584]

463 439 613 492 tram
644 429 775 502 regi
801 434 1109 502 tamquam
1127 425 1300 487 socio
1326 434 1511 500 atque
1533 425 1728 486 amieo
1752 425 2044 501 porrexit.
2088 426 2189 485 die
2203 425 2434 486 deinde

462 511 632 574 finita
661 527 799 571 cum
829 509 1210 570 excessisset
1226 510 1516 584 Aegypto
1547 509 1908 581 Antiochus,
1938 509 2138 583 legati,
2170 524 2429 570 concor-

467 597 567 656 dia
596 595 778 656 etiam
810 594 1168 654 auctoritate
1198 608 1314 653 sua
1342 592 1498 653 inter
1527 592 1745 653 fratres
1773 592 2038 664 firmata,
2079 593 2237 653 inter
2264 609 2428 667 quos

462 679 713 739 vixdum
745 683 1117 738 convenerat
1144 692 1286 751 pax,
1320 675 1590 753 Cyprum
1621 675 1938 750 navigant,
1984 682 2044 736 et
2072 676 2232 749 inde,
2265 692 2427 749 quae

462 763 580 822 iam
623 762 854 821 vicerat
895 761 1130 834 proelio
1171 760 1515 834 Aegyptias
1557 774 1779 831 naves,
1834 760 2097 818 classem
2135 757 2427 820 Antiochi

463 845 782 905 dimittunt.
832 843 997 903 clara
1016 857 1093 903 ea
1107 858 1229 919 ‚per
1248 849 1464 916 gentes
1486 843 1707 917 legatio
1732 842 1856 916 fuit,
1883 841 2051 918 quod
2063 841 2229 901 haud
2243 842 2428 902 dubie

462 928 749 1013 adempta
794 926 1099 987 Antiocho
1156 928 1482 1003 Aegyptus
1529 924 1778 986 habenti
1826 925 1946 985 iam
1995 925 2427 1001 redditumque

460 1011 723 1088 patrium
750 1024 1008 1083 regnum
1036 1008 1211 1084 stirpi
1241 1008 1574 1069 Ptolemaei
1602 1009 1815 1069 suerat.

631 1093 963 1153 Consulum
1006 1093 1139 1153 eius
1180 1091 1324 1152 anni
1361 1091 1522 1153 sicut
1551 1093 1800 1153 alterius
1831 1093 2033 1153 clarus
2064 1093 2425 1153 consulatus

460 1175 685 1252 insigni
732 1174 1002 1247 victoria,
1038 1174 1123 1236 ita
1149 1176 1398 1236 alterius
1430 1176 1695 1236 obscura
1726 1176 1906 1249 fama,
1940 1175 2082 1250 quia
2111 1176 2426 1236 materiam

460 1275 563 1320 res
593 1259 846 1334 gerendi
875 1260 997 1320 non
1021 1257 1249 1319 habuit.
1322 1259 1442 1318 iam
1484 1259 1747 1335 primum
1790 1274 1929 1320 curn
1967 1258 2312 1334 legionibus
2345 1259 2426 1318 ad

462 1342 951 1404 conveniendum
981 1341 1143 1402 diem
1173 1341 1358 1416 dixit,
1400 1358 1526 1403 non
1568 1342 1888 1418 auspicato
1918 1343 2209 1417 templum
2239 1342 2426 1403 intra·

460 1428 564 1489 vit.
640 1427 784 1487 vitio
815 1425 978 1486 diem
1003 1425 1226 1486 dictam
1252 1441 1399 1486 esse
1420 1441 1706 1500 augurcS‚
1753 1441 1891 1486 cum
1921 1425 2002 1485 ad
2031 1440 2140 1486 eos
2168 1426 2426 1486 relatum

460 1517 572 1583 est,
604 1511 1026 1571 decreverunt.
1081 1509 1399 1585 profectus
1428 1510 1489 1569 in
1521 1509 1772 1570 Galliam
1798 1510 1962 1570 circa
1986 1509 2230 1569 Macros
2262 1524 2425 1569 cam·

460 1610 577 1670 pos
628 1594 709 1654 ad
759 1600 999 1658 montes
1050 1590 1401 1653 Siciminam
1458 1600 1517 1654 et
1568 1590 1865 1668 Papinum
1921 1592 2141 1653 stativa
2196 1591 2426 1668 habuit,

461 1677 686 1736 deinde
714 1677 876 1737 circa
903 1676 1121 1736 eadem
1147 1678 1287 1737 loca
1316 1692 1454 1736 eum
1475 1674 1666 1737 soeiis
1694 1676 1957 1738 nominis
1985 1675 2179 1736 Latini
2223 1675 2422 1735 biber-

460 1759 678 1819 nabat=
722 1759 1001 1833 legiones
1041 1760 1387 1831 Romanae,
1434 1760 1603 1835 quod
1643 1759 1788 1820 vitio
1832 1759 1966 1820 dies
2009 1758 2302 1819 exercitui
2345 1758 2427 1818 ad

461 1842 951 1902 conveniendum
975 1842 1136 1902 dicta
1164 1850 1311 1917 erat,
1339 1843 1576 1905 Romae
1603 1849 1972 1903 manserant.
2016 1848 2076 1901 et
2103 1849 2426 1917 praetores

457 1932 703 2001 praeter
739 1925 800 1986 C.
831 1923 1137 2002 Papirium
1184 1926 1552 2000 Carbonem,
1598 1925 1696 1986 cui
1727 1924 2010 1986 Sardinia
2032 1931 2339 2000 evenerat,
2361 1925 2426 1984 in

459 2009 808 2086 provincias
849 2008 995 2070 iere.
1061 2009 1326 2070 eundem
1354 2009 1450 2070 ius
1481 2009 1687 2070 dicere
1706 2010 1942 2071 Romae
1981 2037 2066 2049 -
2105 2024 2244 2068 nam
2287 2024 2426 2068 eam

462 2110 712 2170 quoque
742 2101 970 2154 sortem
992 2092 1256 2153 habebat
1276 2125 1362 2136 -
1394 2093 1549 2155 inter
1573 2094 1741 2153 cives
1765 2099 1826 2153 et
1837 2091 2198 2168 peregrinos
2213 2099 2427 2167 patres

460 2185 843 2239 censuerant.

624 2261 779 2320 ΧΠΙ.
820 2262 897 2322 Et
924 2261 1220 2337 Popillius
1252 2268 1312 2322 et
1334 2275 1409 2320 ea
1449 2260 1670 2336 legatio
1703 2273 1864 2335 quae
1890 2258 2080 2318 missa
2108 2259 2187 2318 ad
2207 2259 2425 2321 Antio-

460 2345 639 2405 chum
668 2351 815 2419 erat‚
843 2345 1103 2405 Romam
1128 2345 1338 2406 rediit:
1380 2344 1609 2405 rettulit
1648 2341 2104 2404 controversias
2145 2342 2300 2402 inter
2326 2359 2424 2403 re-

457 2443 569 2504 ges
620 2429 893 2489 sublatas
944 2443 1089 2488 esse
1133 2428 1592 2501 exercitumque
1635 2442 1715 2486 ex
1753 2427 2043 2504 Aegypto
2088 2425 2148 2485 in
2179 2423 2422 2504 Syriam

458 2513 793 2572 reductum.
842 2517 984 2584 post
1008 2511 1287 2585 ipsorum
1313 2525 1528 2583 regum
1559 2510 1741 2584 legati
1771 2514 2094 2583 venerunt,
2137 2510 2424 2571 Antiochi

460 2593 684 2668 [legati]
710 2593 1047 2651 referentes
1078 2591 1244 2655 omni
1266 2592 1523 2653 victoria
1552 2590 1853 2667 potiorem
1883 2607 2102 2668 pacem
2129 2592 2280 2667 regi,
2323 2608 2423 2653 se-

465 2672 624 2732 natui
656 2687 813 2746 quae
856 2673 1210 2749 placuisset,
1239 2675 1454 2749 visam,
1499 2691 1762 2751 eumque
1800 2676 1967 2737 haud
2005 2690 2191 2736 secus
2239 2692 2423 2751 quam

462 2760 713 2816 deorum
756 2754 1010 2831 imperio
1051 2759 1389 2832 legatorum
1430 2759 1845 2822 Romanorum
1888 2759 2076 2820 iussis
2117 2759 2420 2835 paruisse.

458 2837 734 2916 gratulati
764 2839 989 2901 deinde
1017 2842 1336 2904 victoriam
1365 2850 1524 2918 sunt,
1568 2860 1754 2920 quam
1783 2844 1946 2905 omni
1977 2859 2128 2918 ope,
2174 2843 2228 2902 si
2272 2842 2423 2917 quid

462 2928 819 3000 imperatum
851 2924 1026 2999 foret,
1057 2927 1401 2988 adiuturum
1439 2943 1647 3002 regem
1676 2927 1890 2989 fuisse.
1960 2926 2289 2988 Ptolemaei
2332 2928 2420 2986 le-

458 3008 578 3080 gati
607 3007 915 3071 communi
946 3010 1193 3071 nomine
1219 3011 1388 3085 regis
1415 3017 1477 3071 et
1504 3011 1862 3087 Cleopatrae
1882 3011 2108 3086 gratias
2131 3016 2420 3086 egeruntz

462 3096 596 3164 plus
621 3106 732 3153 eos
755 3093 995 3153 senatui
1020 3095 1376 3169 populoque
1397 3095 1674 3156 Romano
1699 3111 1881 3170 quam
1895 3093 2251 3171 parentibus
2265 3094 2416 3168 sui8‚

462 3180 599 3252 plus
632 3191 814 3250 quam
845 3174 963 3237 diis
990 3177 1431 3238 immortalibus
1462 3178 1718 3252 debere,
1760 3194 1872 3254 per
1902 3195 2060 3254 quos
2091 3175 2423 3238 obsidione

458 3259 794 3320 miserrima
823 3259 1059 3320 liberati
1082 3267 1309 3335 essent,
1339 3276 1595 3335 regnum
1619 3262 1880 3337 patrium
1905 3277 2100 3338 prope
2123 3260 2448 3321 amissum.

458 3346 827 3420 recepissent.
868 3360 1212 3418 responsum
1254 3343 1333 3404 ab
1377 3353 1589 3406 senatu
1620 3353 1717 3407 est
1740 3343 2106 3406 Antiochum
2136 3350 2304 3406 recte
2331 3349 2423 3404 at-

458 3444 579 3502 que
610 3427 825 3488 ordine
860 3425 1103 3500 fecisse,
1148 3427 1316 3501 quod
1348 3427 1560 3501 legatis
1591 3429 1925 3503 paruisset,
1965 3434 2329 3504 gratumque
2355 3428 2425 3487 id

462 3528 603 3572 esse
631 3509 873 3572 senatui
902 3512 1260 3586 populoque
1280 3510 1592 3571 Romano:
1622 3509 2184 3587 regibus,Aegypti,
2215 3511 2419 3572 Ptole·
