2642 4017
317 319 433 381 LIBER
447 321 534 381 xblt.
558 320 640 382 cAP.
655 329 758 384 3131.
779 329 817 397 [ι.
829 328 861 382 0.
874 330 936 397 171]
1053 322 1114 387 155

130 478 255 546 essent,
275 470 336 531 nisi
356 471 473 547 pupulo
493 472 632 533 Romano
652 474 891 552 satisfecissent,
911 478 993 540 bello
1007 494 1111 555 perse

131 562 287 635 queretur.
314 554 453 631 legiones
475 562 619 631 quattuor
637 572 736 618 novus
756 558 849 620 scribi
870 560 1000 637 placuit,
1024 561 1112 623 binas

131 639 264 716 singulis
280 638 470 699 consulibus.
491 637 523 699 id
538 640 705 716 praecipue
718 640 900 718 provinciae
913 643 1114 706 Macedoniae

130 726 247 796 datam,
262 723 357 798 quod,
373 737 449 783 cum·
457 721 582 784 alterius
593 724 732 786 consulis
743 725 916 801 legionibus
928 727 1023 804 quina
1032 728 1114 789 milia

130 815 165 869 et
178 805 290 868 duceni
310 805 431 881 pedites
446 821 486 866 cx
499 813 603 869 vetere
618 807 755 870 instituto
769 808 914 871 dueatur
928 811 959 871 in
975 811 1112 887 singulus

131 891 281 967 legiones,
297 890 328 950 in
342 889 555 950 Macedoniarn
569 906 647 952 sena
659 891 743 952 milla
756 892 894 968 pediturn
908 895 1001 955 scribi
1015 896 1110 968 iussa

129 975 253 1050 equites
272 973 388 1034 treceni
412 973 582 1049 aequaliter
601 974 631 1034 in
645 974 784 1051 singulas
798 976 947 1052 legiones.
969 985 1001 1040 et
1013 979 1045 1038 in
1059 993 1108 1040 so-

130 1058 202 1119 ciali
222 1057 357 1117 exercitu
378 1055 498 1117 consuli
518 1057 604 1118 alteri
629 1065 738 1120 auctus
765 1074 929 1121 numerum
953 1061 1112 1123 sexdecim

129 1140 213 1202 milia
227 1140 373 1215 peditum,
388 1138 580 1216 octingentos
593 1142 725 1218 equites,
740 1149 862 1218 praeter
876 1159 942 1219 eos,
959 1161 1039 1220 quos
1055 1145 1109 1206 Cn.

130 1222 266 1286 Sicinius
282 1223 430 1297 duxisset
446 1231 612 1285 sexcentos
627 1226 756 1302 equales,
778 1225 810 1287 in
823 1225 1036 1289 Macedoniam
1050 1235 1110 1290 tra·

131 1311 234 1369 iceret.
249 1307 353 1368 ltaliae
365 1307 441 1368 satis
453 1308 520 1367 visa
530 1308 694 1369 duodecim
704 1309 787 1371 milia
797 1307 952 1371 sociorum
965 1311 1110 1387 peditum,

129 1390 271 1452 sexcenti
290 1391 419 1466 equites.
443 1389 517 1450 illud
538 1407 665 1468 quoque
690 1391 890 1470 praecipuum
911 1393 1015 1455 datum
1035 1394 1111 1454 sorti

128 1473 345 1547 Macedoniae,
365 1481 400 1535 ut
420 1472 614 1536 centuriones
635 1476 809 1552 militesque
828 1483 950 1537 veteres
964 1475 1111 1537 scriberet

130 1574 212 1635 quos
233 1558 325 1618 vellet
346 1558 454 1620 consul
474 1573 575 1634 usquc
590 1559 630 1619 ad
645 1559 866 1636 quinquaginta
878 1574 987 1619 annos.
1015 1560 1046 1618 in
1060 1559 1109 1619 tri·

129 1641 222 1703 bunis
247 1639 373 1702 militum
397 1648 542 1703 novatum
566 1657 604 1702 eo
629 1656 711 1701 anno
732 1648 859 1718 propter
878 1641 1109 1704 Macedonicum

129 1726 260 1798 ballum,
282 1725 366 1801 quod
388 1727 533 1785 consules
555 1739 594 1784 ex
608 1732 735 1786 senatus
750 1727 891 1787 consulto
906 1724 946 1787 ad
960 1725 1109 1802 populum

132 1810 264 1869 tulerunt
277 1823 317 1868 ne
330 1807 443 1869 tribuni
456 1808 581 1870 militurn
596 1823 634 1869 eo
649 1824 730 1869 anno
752 1808 909 1884 suffragiis
924 1815 1107 1882 crearentur,

132 1891 189 1953 sed
204 1894 365 1953 consulum
385 1898 623 1968 praetorumque
637 1893 668 1953 in
683 1891 723 1953 iis
737 1890 886 1953 iaciendis
901 1892 1046 1954 iudicium
1060 1909 1108 1952 ar·

131 1974 316 2051 bitriumqua
346 1982 440 2037 esset.
471 1975 550 2037 inter
579 1982 740 2052 praetores
764 1973 807 2036 ito
830 1976 942 2051 partita
965 1976 1108 2051 imperiae

132 2067 313 2136 praetorem,
329 2059 416 2120 euius
431 2075 500 2121 sors
512 2059 630 2135 luisset,
644 2068 679 2121 ut
689 2059 746 2120 iret
758 2074 820 2135 quo
832 2065 958 2119 senatus
971 2058 1107 2118 censuis-

133 2150 191 2217 set,
204 2142 399 2204 Brundisium
411 2142 451 2203 ad
462 2144 595 2204 classem
605 2142 651 2204 ire
662 2143 786 2220 placuit,
802 2149 895 2217 atque
904 2138 948 2201 ibi
957 2155 1108 2215 recogno·

132 2232 234 2288 sceret
257 2227 361 2288 socios
382 2226 521 2301 navales,
543 2226 742 2302 dimissisque
762 2224 791 2286 si
811 2224 864 2301 qui
884 2239 991 2299 parum
1005 2223 1109 2285 idonei
1183 2232 1190 2241 ·

132 2317 248 2385 essent,
267 2312 515 2386 supplementum
528 2312 644 2386 legeret
657 2326 699 2371 ex
711 2309 868 2383 libertinis,
888 2315 920 2368 et
933 2307 1020 2368 daret
1034 2323 1108 2383 ope

130 2410 213 2468 ram,
232 2400 267 2455 ut
280 2395 360 2455 duae
373 2401 477 2469 parles
492 2392 603 2455 civium
615 2396 834 2469 Romanorum,
853 2391 941 2454 terlla
954 2392 1108 2452 sociorum

131 2484 226 2540 esset.
248 2484 436 2539 commeatus
458 2475 552 2539 classi
571 2478 807 2555 legionibusque
820 2483 853 2538 ut
865 2493 906 2537 ex
921 2472 1023 2538 Sicilia
1038 2473 1108 2534 Sar-

132 2561 278 2639 diniaque
292 2561 550 2633 subveherentur,
571 2563 775 2639 praetoribus,
798 2562 850 2637 qui
864 2575 919 2622 eas
934 2558 1108 2636 provincius

132 2644 230 2706 sortiti
245 2653 358 2720 essent,
373 2645 510 2705 mandari
525 2646 646 2721 placuit,
661 2653 696 2707 ut
709 2648 820 2707 alteras
835 2646 982 2707 decumas
997 2641 1108 2706 Siculis

132 2727 303 2805 Sardisque
317 2730 515 2805 imperarent,
535 2736 630 2806 utque
644 2728 677 2790 id
692 2731 874 2790 trumentum
888 2729 929 2789 ad
943 2726 1110 2789 exercitum

131 2812 163 2872 in
179 2811 391 2873 Macedoniam
411 2819 592 2888 portaretur.
621 2812 756 2874 Siciliam
777 2812 808 2873 G.
824 2812 967 2873 Caninius
981 2810 1109 2872 Rebilus

131 2903 180 2957 cst
194 2893 329 2968 sortitus,
343 2896 377 2955 L.
390 2894 499 2956 liuius
513 2895 616 2956 Philus
632 2895 813 2966 Sardiniam,
826 2895 861 2956 L.
877 2895 1037 2956 dunolmiae
1047 2892 1110 2953 Ht-

129 2982 284 3055 spunium,
308 2978 338 3040 0.
355 2979 510 3054 Sulpicius
527 2978 623 3040 Galba
637 2979 786 3041 urbanam
799 2977 1054 3050 iurisdictionem,
1075 2976 1108 3035 L.

130 3063 242 3123 Villius
256 3063 386 3123 Annabs
401 3063 479 3124 inter
492 3063 691 3138 peregrinose
713 3060 745 3122 c.
759 3060 901 3122 Lucretio
917 3059 1021 3136 Gallo,
1044 3074 1107 3135 quo

132 3153 260 3206 senatus
274 3147 456 3218 censuisset,
473 3161 543 3207 sors
558 3144 692 3207 obvenit.

215 3228 334 3289 xxxii.
356 3230 438 3289 Inter
453 3230 598 3292 consules
613 3228 712 3303 magis
727 3227 879 3289 cavillatio
894 3242 988 3305 quam
1000 3239 1112 3300 magna

131 3312 285 3374 contentio
305 3314 344 3374 de
363 3312 523 3389 provincia
542 3312 607 3373 luit
631 3312 758 3374 cassius
772 3308 840 3373 sine
859 3317 943 3372 sorte
959 3325 995 3371 se
1009 3307 1110 3367 Mace-

131 3393 257 3457 donium
272 3403 447 3472 optaturum
461 3394 592 3470 dicebat
615 3410 673 3456 nec
688 3411 785 3472 posse
798 3396 949 3470 collegam
964 3393 1051 3452 salvo
1066 3390 1111 3448 iu·

131 3476 297 3540 reiurando
310 3494 416 3540 secum
428 3477 540 3541 sortiri.
554 3485 727 3556 praetorem
739 3493 818 3552 eum,
830 3494 869 3537 ne
880 3477 911 3535 in
924 3471 1111 3549 provinciam

133 3560 204 3635 iret,
229 3559 261 3622 ln
282 3561 426 3625 contione
446 3562 568 3623 iurasse
589 3578 624 3623 se
644 3568 724 3622 stato
746 3564 815 3621 loco
834 3558 984 3631 statisque
1002 3554 1110 3613 diebus
