2642 4017
301 251 520 313 amuaxuu.
545 252 628 312 cnr.
643 260 687 315 as.
699 260 743 316 ar.
766 259 802 328 [ι.
815 259 846 313 c.
859 257 920 334 ιιι]
1037 257 1100 322 rso

116 404 233 466 auxilia
248 404 410 465 cretenses
424 403 583 464 misissent
594 432 652 478 -,
666 403 815 464 Numidae
826 404 895 466 item
907 405 1027 482 equites
1039 412 1099 471 ele·

115 486 297 566 phantique.
326 487 357 546 in
378 503 446 547 eam
466 502 532 548 rem
552 487 644 563 legati
666 487 706 547 ad
725 486 922 549 Masinissam
944 489 1098 568 carthagi·

115 571 306 645 mensesque
323 571 410 631 mlssi
427 571 461 630 L.
478 570 653 632 Postumius
669 570 801 631 Albinus
813 569 847 645 Q.
859 571 1017 635 Terentius
1029 574 1098 637 cui·

115 656 166 715 leo
188 654 218 714 c.
241 654 386 715 Aburius
415 654 446 713 in
468 653 586 715 cretam
607 654 678 714 item
699 654 818 728 legatos
838 662 901 715 tres
915 653 961 716 ire
974 659 1097 735 placuit,

115 738 154 797 A.
165 736 355 797 Postumium
365 737 554 798 Albinumc.
565 736 734 798 Decimium
745 738 784 798 Α
794 737 943 798 Licinium
956 739 1097 803 Nervam.

200 820 334 880 XXXVI.
357 820 432 913 Per
436 821 518 881 idem
532 829 653 896 tempus
668 820 759 895 legati
773 821 812 881 ab
827 836 901 896 rege
914 821 1029 888 Perseo
1045 841 1096 886 ve-

116 911 238 963 nerunt.
266 919 322 964 eos
342 904 373 964 in
389 872 538 981 oppidum
552 903 708 966 intromitti
722 920 784 966 nou
799 905 928 980 placuit,
953 923 1021 968 curn
1036 907 1097 970 iam

114 986 230 1047 bellum
249 988 314 1062 regi
335 1003 442 1049 eorum
462 994 494 1049 et
508 987 731 1049 Macedonibus
751 994 783 1048 et
795 995 920 1050 senatus
935 990 1096 1055 decresset

115 1077 148 1130 et
161 1071 295 1145 populus
309 1070 462 1132 iussisset.
484 1071 514 1131 ιιι
529 1072 639 1132 aedem
648 1070 815 1132 Bellonae
806 1089 837 1132 ιιι
849 1079 991 1135 senatum
1001 1074 1095 1137 intro·

115 1153 199 1214 ducti
220 1154 263 1214 ita
281 1154 377 1215 verba
400 1156 551 1228 iecerunt,
575 1153 678 1214 mirari
696 1153 810 1216 Persea
828 1169 948 1230 regern,
971 1157 1095 1234 quidm

113 1236 327 1298 Macedonian
353 1237 506 1299 exercitus
526 1239 724 1313 transportati
744 1245 864 1299 essenis
891 1239 919 1300 si
939 1240 1093 1316 impetrari

113 1337 135 1380 a
156 1328 266 1382 senatu
286 1327 407 1396 posset,
429 1328 464 1382 ut
483 1322 503 1382 li
523 1327 721 1395 revocentur,
736 1336 841 1398 regern
855 1322 894 1382 de
908 1321 1041 1398 iniuriis,
1067 1325 1092 1388 si

115 1421 196 1480 quas
218 1403 312 1465 sontis
334 1407 430 1465 laetas
452 1410 666 1481 quererentur,
691 1404 835 1466 arbitratu
856 1412 982 1467 senatus
1003 1407 1091 1468 satis·

114 1490 266 1551 iacturum
279 1503 360 1550 esse.
384 1486 438 1563 Sp.
454 1488 601 1550 Carvilius
616 1488 656 1549 ad
671 1502 739 1548 eam
753 1488 853 1564 ipsam
866 1504 931 1548 rem
945 1504 985 1549 ex
1001 1489 1091 1550 Grae

114 1569 165 1633 cia
176 1573 325 1633 remissus
340 1572 379 1646 ab
391 1572 443 1632 Cn.
458 1570 572 1634 Sicinio
587 1571 618 1630 ιιι
631 1578 742 1631 senatu
752 1579 826 1631 erat
841 1570 869 1631 is
879 1571 1092 1634 Perrhaebiam

113 1663 321 1732 expugnatam
331 1655 433 1729 armis,
445 1654 623 1716 Thessaliae
634 1651 753 1729 aliquot
762 1655 855 1715 urbes
863 1660 979 1731 captas,
992 1663 1093 1717 cetera

115 1755 197 1814 quae
207 1748 260 1801 aut
269 1747 375 1814 ageret
384 1745 437 1800 aut
446 1746 569 1815 pararet
578 1753 644 1810 rere
657 1753 726 1799 curn
738 1744 888 1812 argueret,
900 1740 1092 1816 respondere

112 1823 155 1883 ad
176 1838 214 1882 ea
233 1823 325 1899 legati
344 1821 432 1884 iussi.
460 1829 625 1899 postquam
639 1820 846 1896 haesitabant,
871 1831 1018 1897 negantes
1033 1822 1092 1884 sibi

112 1906 194 1967 ultra
208 1905 372 1982 quiequam
387 1907 563 1968 mandatum
574 1920 655 1980 esse,
670 1903 749 1966 iussi
759 1905 932 1966 renuntiare
942 1907 1008 1982 regi
1019 1922 1091 1968 con·

114 1991 214 2051 sulem
233 1989 265 2048 P.
284 1989 433 2052 Licinium
453 1988 539 2050 brevi
562 2005 632 2050 cum
647 1989 784 2049 exercitu
798 1988 930 2049 futurum
944 1989 1091 2050 iuliace-

114 2072 212 2134 douia
221 2088 307 2135 esser
325 2075 367 2135 ad
378 2090 458 2149 eum,
473 2075 500 2135 si
512 2071 732 2135 satisfacerem
744 2072 845 2133 anImo
856 2079 949 2144 esset.
962 2072 1092 2133 mitteret

113 2156 244 2231 legatos.
265 2158 393 2219 Romam
414 2158 498 2234 quod
513 2163 673 2234 praeterea
686 2154 830 2233 mitteret,
850 2172 913 2218 ιιοιι
928 2171 1015 2217 esser
1038 2171 1091 2216 ne-

113 2239 225 2300 minem
250 2256 355 2303 eorum
377 2258 434 2318 per
453 2242 568 2304 ltaliam
589 2240 634 2302 ire
653 2239 814 2302 liciturum.
835 2240 882 2303 ita
903 2237 1038 2301 dimissis
1058 2239 1090 2299 P.

114 2323 229 2387 Licinio
244 2326 365 2388 consuli
378 2327 562 2406 mandatum,
577 2324 658 2385 intra
669 2323 865 2385 undecimum
879 2323 960 2383 diem
975 2323 1092 2384 iuberet

38 2486 45 2494 ‚
113 2425 170 2471 eos
183 2410 270 2471 Italia
284 2411 446 2483 excedere,
467 2418 498 2470 et
511 2409 566 2485 Sp.
581 2407 745 2471 Carvilium
759 2406 897 2481 mitteret,
913 2408 974 2482 qui,
990 2407 1090 2470 donec

113 2508 223 2554 navem
238 2494 501 2568 conscendissent,
517 2493 694 2555 custodiret.
715 2491 793 2553 haec
806 2492 923 2552 Romae
933 2497 1002 2551 acta
1013 2507 1089 2552 oon·

113 2576 185 2638 dum
202 2578 347 2653 proiectis
362 2578 392 2637 in
408 2576 598 2653 provinciam
612 2576 801 2639 consulibus.

196 2662 260 2722 Iam
274 2662 327 2722 cn.
343 2658 492 2736 Sicinius,
518 2660 572 2738 qui
591 2661 772 2736 priusquam
791 2658 971 2735 magistratu
984 2656 1090 2733 abiret,

111 2743 309 2806 Brundisium
330 2745 370 2805 od
385 2747 516 2805 classem
532 2751 563 2804 et
577 2745 617 2804 ad
631 2743 798 2804 exercitum
812 2743 1001 2818 praemissus
1016 2748 1088 2813 erat,

112 2826 246 2889 traiectis
267 2828 298 2888 in
318 2829 444 2904 Epirum
466 2827 602 2926 qulnque
621 2826 743 2886 milibus
770 2826 920 2900 peditum,
946 2826 1090 2886 trecentis

111 2909 281 2987 equitibus,
306 2913 347 2972 ad
360 2910 596 2990 Nymphaeum
587 2926 618 2970 ιιι
632 2925 707 2984 agro
721 2909 908 2983 Apolloniati
923 2915 1024 2970 castra
1037 2907 1090 2968 ha·

110 2994 212 3055 hehet.
240 2997 313 3056 inde
332 2995 471 3056 tribunos
486 3010 556 3055 cum
569 2993 692 3054 duobus
705 2989 827 3053 milibus
841 2990 968 3052 militum
982 2992 1022 3053 ad
1038 3007 1089 3053 oc·

111 3079 255 3153 cupanda
272 3081 521 3141 Dassaretiorum
541 3083 572 3137 et
590 3076 765 3175 lllyriorum
785 3077 926 3149 castella,
948 3075 1025 3151 ipsis
1041 3092 1089 3135 ar·

111 3163 305 3224 cessentibus
327 3163 496 3239 praesidia,
518 3169 552 3223 ut
571 3160 699 3222 tubores
720 3177 739 3219 a
759 3159 954 3221 finitimorum
974 3158 1089 3235 impetu

109 3244 315 3307 Macedonum
336 3254 457 3320 essent,
477 3244 568 3307 misit.
600 3243 748 3305 XXXVII.
770 3244 878 3319 paucis
893 3251 964 3319 post
978 3243 1088 3304 dlebus

110 3327 146 3402 Q
161 3329 349 3392 MarciusA.
364 3331 475 3392 Atilius
496 3329 572 3390 etP.
594 3336 625 3389 et
639 3328 706 3388 Ser
722 3326 853 3388 Cornelii
872 3326 991 3406 Lentuli
1010 3324 1086 3385 etL.

109 3412 279 3488 Decimius,
301 3413 421 3489 legati
413 3430 443 3473 m
464 3413 621 3474 Graeciam
642 3409 743 3484 missi,
765 3410 932 3489 corcyram
952 3398 1086 3483 p'editruu

110 3494 191 3556 mille
212 3513 317 3558 secum
339 3499 544 3558 advexerunt=
577 3496 618 3556 ibi
639 3493 718 3556 iuter
739 3511 775 3554 se
795 3500 826 3555 et
843 3493 987 3568 regiones
1008 3505 1085 3563 quas
