2642 4017
330 261 446 322 arnan
459 260 563 321 xnrv.
586 261 782 325 capuan.
805 230 841 342 [a
857 269 889 323 c.
905 265 966 342 na]
1071 263 1134 328 aro

153 417 244 478 minis
257 414 370 488 Latini,
396 415 643 490 pepuleruntque
656 417 779 477 laevum
795 432 902 479 cornu.
923 418 954 478 in
968 418 1069 481 medio
1084 437 1133 482 se·

154 501 257 562 cunda
276 499 357 573 legio
378 495 518 559 immissa
539 498 703 573 dissipavit
722 499 915 575 phalangem.
944 517 1046 578 neque
1070 507 1133 565 nlla

153 583 325 645 euidentior
345 596 443 643 causa
453 581 600 643 victoriae
614 581 679 655 luit,
705 598 796 660 quam
811 584 896 660 quod
910 587 1003 646 multa
1016 588 1134 662 passim

153 666 387 745 praebuerant,
410 679 489 741 quae
503 663 700 728 fluctuantem
713 665 873 728 turbarunt
886 668 1000 744 primo,
1022 670 1133 732 deinde

154 751 341 812 disiecerunt
355 749 546 825 phalangem,
563 747 651 810 cuius
662 751 820 811 confertae
830 758 861 812 et
871 752 993 813 intentis
1007 753 1131 815 horren-

152 835 192 896 tis
206 835 304 895 hastis
321 832 529 896 intolerabiles
538 833 622 894 vires
637 840 723 895 sunta
741 834 769 895 si
784 834 912 911 carptim
922 837 1132 912 adgrediendo

154 920 361 994 circumagere
380 916 564 978 immobilem
584 917 776 993 longitudine
795 926 827 980 et
845 918 994 994 gravitas
1013 920 1134 982 hastam

156 1018 264 1078 cogas,
287 1003 417 1063 conhrsa
441 1008 526 1062 strue
545 1000 754 1077 implicantur:
780 1000 897 1063 sivero
918 1011 971 1065 aut
984 1004 1023 1065 ab
1038 1006 1133 1066 latere

154 1093 207 1147 aut
219 1086 258 1145 ab
272 1092 358 1161 tergo
374 1085 489 1161 aliquid
505 1087 650 1147 tumultus
664 1085 827 1163 increpuit,
839 1086 947 1148 ruinae
961 1088 1054 1150 modo
1069 1095 1131 1150 tur·

154 1171 271 1243 bantur,
287 1169 368 1230 sicut
380 1177 443 1231 tum
458 1170 610 1231 adversus
625 1169 802 1232 catervatim
816 1169 1009 1235 incurrentes
1021 1172 1129 1233 Roma·

152 1269 220 1326 nos,
237 1254 445 1329 etinterrupta
454 1252 646 1314 multifariam
658 1255 734 1329 acie,
746 1254 868 1315 obviam
878 1254 924 1316 ire
934 1254 1132 1330 cogebantur.

152 1344 184 1398 et
197 1337 334 1412 Romani,
351 1352 545 1414 quacumque
556 1337 628 1398 data
638 1336 799 1398 intervalla
808 1346 922 1413 essent,
937 1337 1134 1399 insinuabant

153 1420 279 1482 ordines
299 1436 385 1482 suos.
412 1419 465 1496 qul
484 1421 512 1480 si
531 1419 677 1480 universa
696 1419 763 1481 acle
782 1418 814 1481 in
836 1422 967 1482 trontern
981 1422 1132 1482 adversus

151 1501 329 1566 instructam
342 1503 525 1581 phalangem
540 1503 782 1575 concurrissent,
804 1504 891 1580 quod
903 1503 1036 1579 Pelignis
1051 1504 1132 1579 prin·

151 1587 234 1664 cipio
255 1603 378 1665 pugnae
399 1587 519 1648 incauta
536 1588 715 1662 congressis
729 1586 880 1648 adversus
895 1594 1047 1657 caetratos
1061 1603 1132 1648 eve·

150 1671 202 1745 nit,
215 1673 390 1733 induissent
399 1687 435 1731 se
445 1670 543 1731 hastis
554 1686 612 1731 nec
624 1670 1131 1733 conlertamaciemsustinuissent

149 1756 239 1816 XLII.
263 1762 397 1817 ceterum
418 1754 498 1815 sicut
511 1754 646 1830 pediturn
660 1753 779 1831 passim
793 1755 906 1817 caedes
920 1755 1049 1831 debant,
1073 1754 1132 1816 nisi

152 1840 204 1915 qui
225 1838 353 1900 abiectis
374 1839 467 1900 armis
482 1838 638 1914 ingerunt,
659 1837 707 1899 sic
726 1839 878 1914 equitatus
900 1854 1000 1916 prope
1014 1840 1133 1915 integer

152 1940 258 2000 pugna
273 1923 418 1985 excessit
434 1923 579 1998 princeps
591 1923 684 1997 iugae
694 1937 750 1983 rex
761 1922 910 1997 ipseerat
925 1923 985 1983 iam
996 1923 1133 1999 aPydna

150 2023 219 2068 eum
240 2006 339 2069 sacris
359 2008 417 2068 alis
438 2006 575 2083 equitum
594 2005 708 2066 Pellam
729 2005 869 2082 petebam
893 2006 1055 2067 confestim
1075 2021 1131 2066 eos

151 2092 245 2170 Cotys
261 2091 450 2168 sequebatur
465 2089 720 2169 Odrysarumque
733 2086 897 2165 equitatus.
922 2095 1041 2151 ceterae
1056 2105 1132 2164 quo·

151 2192 213 2252 que
225 2176 430 2238 Macedonum
444 2175 512 2236 alae
526 2175 653 2250 integris
668 2172 793 2234 abibant
807 2172 976 2246 ordinibus,
1001 2173 1073 2248 quia
1087 2173 1131 2231 in·

148 2260 275 2320 teriecta
289 2261 426 2335 pediturn
441 2258 535 2334 acies,
550 2259 638 2321 cuius
654 2258 768 2318 caedes
783 2256 916 2317 victores
931 2257 1061 2331 tenebat,
1076 2256 1131 2316 im·

150 2359 302 2404 memores
317 2344 433 2406 lecerat
452 2343 605 2419 sequendi
619 2340 750 2416 equites.
773 2341 826 2401 diu
841 2340 975 2416 phalanx
989 2357 1009 2400 a
1023 2341 1131 2414 hante,

151 2444 168 2489 a
181 2426 337 2504 lateribus,
358 2428 399 2488 ab
410 2436 607 2504 tergo-caesa
620 2433 678 2487 est.
702 2431 859 2502 postremo
877 2425 983 2501 quiex
998 2422 1132 2485 hostium

149 2510 288 2572 manibus
304 2512 402 2588 elapsi
417 2519 512 2586 erant,
527 2512 661 2573 inermes
677 2510 717 2570 ad
732 2524 816 2570 mare
831 2508 991 2584 fugientes,
1008 2507 1132 2583 quidam

152 2609 261 2668 aquam
282 2595 374 2655 etiarn
394 2593 542 2669 ingressi,
563 2611 674 2656 manus
688 2594 730 2655 ad
746 2609 802 2655 eos
818 2591 916 2669 quiin
932 2593 1034 2653 classe
1046 2597 1131 2653 erant

152 2676 319 2751 tendentes,
334 2677 515 2752 suppliciter
524 2679 618 2737 vitam
627 2677 767 2738 orabant.
789 2683 900 2737 etcum
912 2675 1046 2752 scaphas
1058 2690 1132 2737 con·

151 2772 275 2816 currere
295 2758 433 2834 undique
453 2761 492 2818 ab
518 2760 649 2820 navibus
670 2766 844 2835 comerent,
869 2760 909 2819 ad
930 2758 1131 2835 excipiendos

149 2855 222 2900 sese
235 2841 342 2901 venire
355 2840 422 2915 rati,
436 2848 471 2901 ut
485 2848 631 2916 caperent
642 2842 745 2917 potius
762 2857 854 2916 quam
864 2842 1050 2916 occiderent,
1066 2844 1131 2903 lon·

148 2922 219 3000 gius
241 2924 272 2985 in
294 2940 423 3000 aquarn,
442 2922 567 2998 quidam
587 2924 679 2985 etiam
697 2930 853 2997 natantes,
875 2924 1036 3000 progressi
1050 2931 1131 2987 sunt.

149 3009 207 3069 sed
227 3024 298 3070 cunr
312 3007 463 3070 hostiliter
478 3022 496 3067 ο
510 3007 637 3084 scaphis
652 3007 861 3082 caederentur,
881 3012 962 3068 retra
974 3009 1030 3084 ‘qui
1044 3015 1132 3085 pote·

146 3100 216 3155 rant
235 3093 339 3154 nando
361 3097 535 3168 repetentes
550 3099 663 3153 terrain
677 3091 708 3150 in
724 3091 815 3152 aliam
829 3088 997 3152 foediorem
1011 3099 1132 3168 pestem

146 3177 339 3239 incidebant=
368 3175 522 3253 elephanti
545 3176 626 3237 enim
647 3173 687 3236 ab
707 3172 881 3241 rectoribus
901 3175 942 3236 ad
966 3177 1050 3244 littus
1072 3174 1131 3235 acti
1161 3211 1165 3221 ·

147 3267 298 3322 exeuntes
331 3261 512 3323 obterebant
541 3258 768 3336 elidebantque.
808 3259 898 3320 iacile
928 3257 1133 3320 conveniebat

146 3345 296 3406 Romanis
316 3361 483 3422 numquam
509 3361 573 3406 nna
593 3342 659 3404 acie
680 3350 796 3406 tantum
814 3342 1018 3403 Macedorurm
1038 3340 1130 3401 inter·

147 3429 270 3489 lectum.
290 3441 382 3490 caesa
395 3428 476 3490 enim
490 3429 530 3489 ad
543 3426 651 3504 viginti
666 3427 749 3488 milia
758 3425 915 3487 hominum
925 3430 1005 3497 sunt,
1021 3421 1061 3481 ad
1072 3438 1130 3483 sex

147 3508 239 3587 milia,
255 3512 308 3587 qui
322 3510 461 3591 Pydnam
477 3529 517 3573 ex
528 3510 595 3573 acie
606 3512 813 3588 perfugerant,
829 3507 891 3567 vivi
902 3506 933 3564 in
945 3509 1129 3580 potestatem
