2642 4017
262 241 377 302 ttBElt
390 241 451 302 XL.
473 242 556 302 CAP.
567 251 611 305 att.
623 251 722 307 3031.
744 252 782 318 [a.
795 251 830 307 O.
840 254 903 323 lat]
1032 248 1073 314 79

102 393 191 457 libros
212 411 266 458 eos
281 395 342 472 legi
357 396 537 472 servarique
551 413 612 458 non
628 406 781 474 oportere.
814 406 941 461 senatus
956 405 1075 466 censuit

100 480 171 542 satis
188 479 359 541 habendum
384 481 466 556 quod
488 488 612 556 praetor
632 481 842 543 iusiurandum
863 484 1074 560 polliceretur;

99 564 188 624 libros
202 564 299 639 primo
316 581 441 640 quoque
457 572 594 640 tempore
608 564 637 625 in
653 566 776 627 comitio
791 569 973 629 cremandos
986 585 1074 642 esse3

99 649 224 724 pretinm
239 665 296 724 pro
311 648 407 722 libris,
424 657 570 724 quantum
583 649 617 724 Q.
627 648 744 711 Petillia
759 653 894 726 praetori
905 654 1076 730 maiorique

98 733 171 807 parti
192 733 382 794 tribunorum
404 733 504 809 plebis
524 733 693 808 videretur,
715 734 839 796 domino
860 751 932 797 esse
952 738 1075 798 solven-

100 816 174 876 dum.
201 815 234 877 id
248 817 351 877 scriba
370 833 432 885 non
447 817 577 893 accepit.
605 815 720 878 libriin
735 818 857 881 comto
871 821 943 896 igne
956 838 976 882 a
992 822 1073 883 victi·

99 898 197 960 mariis
213 901 297 963 iacto
311 902 343 961 in
358 908 528 976 conspectu
542 901 650 978 populi
666 901 790 963 cremati
804 911 884 965 sunt

174 984 266 1045 XXX.
287 984 431 1060 Magnum
451 985 564 1046 bellum
586 1000 623 1045 ea
637 993 755 1047 aestate
769 994 907 1049 coenum
921 989 951 1048 in
964 988 1075 1065 Hispa-

97 1067 144 1128 uia
157 1067 306 1130 citeriore.
327 1070 368 1129 ad
379 1068 516 1145 quinque
530 1076 561 1130 et
574 1068 696 1144 triginta
706 1068 788 1131 milia
798 1072 963 1147 hominum,
980 1089 1075 1150 quan·

98 1157 155 1212 tum
171 1168 338 1228 numquam
358 1153 455 1214 terme
473 1160 578 1228 antea,
600 1152 740 1214 Celtiberi
757 1163 1019 1231 comparaverant
1041 1157 1072 1232 Q.

97 1235 216 1298 Fulvius
226 1237 358 1298 Flaccus
370 1252 440 1298 eam
450 1236 607 1298 obtinebat
616 1237 819 1312 provinciam.
834 1240 861 1300 is
873 1238 946 1315 quia
956 1255 1076 1301 armam

96 1320 280 1382 iuventutem
295 1320 463 1383 Celtiberos
484 1320 637 1397 audierat,
659 1327 691 1382 et
709 1322 779 1398 ipse
794 1330 908 1399 quantu
923 1330 1074 1400 potetate

96 1403 185 1466 sociis
196 1405 312 1467 auxilia
323 1412 525 1480 contraxerat,
537 1406 594 1466 sed
605 1421 802 1482 nequaquam
813 1423 940 1468 numero
952 1406 1074 1468 militum

96 1486 211 1550 hostem
232 1490 396 1566 aequabat
425 1487 574 1567 principio
595 1488 679 1550 veris
700 1491 868 1552 exercitum
887 1490 918 1550 ln
935 1490 1072 1566 carpeta-

97 1572 172 1634 niam
191 1574 295 1646 duxit‚
317 1580 347 1635 et
360 1579 463 1634 castra
475 1572 589 1635 locavit
601 1574 642 1634 ad
656 1573 805 1650 oppidum
818 1573 990 1648 Aeburam,
1012 1574 1075 1635 mo'·

96 1656 161 1718 dico
182 1657 341 1734 praesidio
362 1657 394 1717 in
415 1657 492 1718 urbe
511 1657 625 1733 posito.
649 1656 757 1733 paucis
777 1663 850 1733 post
865 1657 973 1719 diebus
988 1657 1076 1719 celti-

95 1739 156 1800 beri
167 1743 251 1802 milia
262 1743 322 1803 duo
335 1741 431 1802 terme
441 1741 583 1802 indesub
594 1741 673 1801 colle
685 1746 854 1816 posuerunt
864 1748 975 1803 castra.
996 1757 1075 1819 quos

96 1823 145 1885 ubi
165 1826 280 1887 adesse
300 1833 425 1901 praetor
437 1827 596 1886 Romanus
611 1826 724 1898 sensit,
744 1824 784 1884 Μ.
799 1824 940 1886 Fulvium
954 1827 1077 1887 fratrem

97 1922 163 1968 cum
183 1909 305 1970 duabus
324 1910 431 1972 turmis
453 1909 610 1971 sociorum
624 1908 760 1985 equitum
775 1909 815 1969 ad
829 1916 931 1970 castra
943 1908 1077 1970 hostium

96 1994 285 2066 speculatum
305 1991 401 2069 misit,
430 2010 521 2070 quum
547 1993 688 2070 proxime
712 1993 882 2055 succedere
902 1993 942 2052 ad
965 1993 1076 2053 vallum

96 2074 218 2152 iussum,
234 2084 270 2140 ut
282 2077 405 2151 viseret,
421 2084 535 2153 quanta
549 2085 669 2148 essent;
693 2092 796 2154 pugna
810 2076 986 2151 abstineret,
1000 2076 1076 2136 reci·

97 2168 243 2236 paretque
264 2177 350 2237 sese,
372 2161 399 2222 si
413 2161 547 2222 hostium
567 2159 735 2238 equitatum
756 2168 918 2222 exeuntem
938 2159 1076 2221 vidisset.

97 2241 394 2320 itempraeceptum
416 2254 482 2307 erat
501 2246 581 2307 lecit.
613 2261 671 2321 per
691 2245 759 2306 dies
779 2244 897 2319 aliquot
910 2244 984 2327 nih‘d
997 2245 1077 2305 ultra

97 2334 213 2403 motum,
228 2345 321 2404 quam
334 2337 367 2390 ut
376 2328 436 2391 hae
448 2330 528 2390 duae
538 2336 655 2390 turmae
667 2329 909 2400 ostenderentur,
922 2327 993 2387 dein
1004 2327 1076 2388 sub·

97 2409 286 2486 ducerentur,
300 2414 352 2474 ubi
366 2413 518 2490 equitatus
533 2413 667 2475 hostium
679 2411 789 2474 castris
801 2410 1076 2488 procucurrissent.

97 2502 251 2568 postremo
272 2495 427 2570 Celtiberi,
451 2498 592 2558 omnibus
614 2498 704 2559 simul
723 2497 859 2573 peditum
880 2495 1078 2572 equitumque

96 2580 190 2655 copiis
216 2581 328 2641 castris
354 2580 488 2656 egressi,
515 2582 581 2642 acie
601 2582 719 2642 duecte
738 2580 840 2642 medie
861 2581 957 2641 icrme
976 2577 1077 2655 spatio

97 2660 171 2723 inter
184 2663 259 2724 bina
275 2671 376 2725 castra
391 2665 599 2726 constiterunt.
629 2680 756 2741 campus
772 2671 838 2725 erat
850 2665 962 2740 planus
978 2662 1077 2724 omnis

96 2753 125 2806 et
137 2756 228 2824 aptus
252 2763 382 2824 pugnae.
410 2750 453 2811 ibi
467 2755 579 2810 stetere
593 2749 722 2825 Hispani
736 2748 836 2809 hostis
850 2754 1078 2826 exspectantes.

96 2830 251 2893 Romanus
263 2833 342 2894 intra
353 2833 464 2894 vallum
475 2849 552 2895 suos
564 2833 711 2895 continuit
722 2848 777 2909 per
790 2831 994 2908 quadriduum
1005 2848 1077 2893 con-

96 2913 219 2988 tinuum,
236 2923 267 2976 et
280 2917 322 2976 illi
334 2917 444 2978 eodem
457 2920 528 2979 loco
539 2918 638 2978 aciem
651 2918 831 2978 iusmuctam
844 2920 1015 2977 tenuerunt.
1039 2917 1078 2976 ab

96 2998 241 3060 Romanis
262 2996 335 3060 nihil
355 3008 480 3062 motum.
509 3002 582 3062 inde
600 3002 746 3077 quievere
759 3000 790 3061 in
805 2999 913 3061 castris
928 2998 1078 3074 celtiberi,

98 3082 167 3156 quia
185 3100 311 3160 pugnae
332 3085 423 3161 copia
443 3100 505 3145 nen
526 3085 633 3145 fiebam
655 3083 776 3160 equites
795 3089 911 3145 tontum
929 3085 959 3144 in
974 3083 1078 3146 statio

97 3181 163 3226 nem
178 3168 423 3244 egrediebantur,
439 3176 473 3230 ut
485 3167 584 3245 parati
599 3176 712 3243 essent,
729 3167 756 3229 si
771 3167 845 3244 quid
860 3169 898 3229 ab
913 3168 1002 3230 hoste
1014 3183 1077 3229 mo·

97 3257 225 3313 veretm.
247 3267 329 3327 pone
345 3260 448 3314 castra
458 3253 581 3329 utrique
595 3252 773 3328 pabulatum
784 3258 816 3313 et
828 3254 973 3328 lignatum
984 3252 1078 3324 ibant,

97 3335 191 3395 neutri
213 3337 327 3397 alteros
348 3336 559 3413 impedientes.
588 3337 693 3398 XXXl.
715 3343 840 3413 praetor
853 3337 1010 3398 Romanus
1026 3333 1078 3392 ubi

98 3418 170 3477 satis
184 3426 229 3480 tot
243 3420 360 3482 dierum
375 3421 477 3496 quiete
491 3420 621 3482 credidit
635 3437 726 3496 spem
739 3421 852 3482 iactam
863 3419 946 3480 hosti
957 3415 1031 3477 nihil
1042 3431 1079 3475 se

99 3500 228 3573 priorem
244 3511 410 3578 moturum,
425 3504 459 3564 L.
476 3505 606 3566 Acilium
623 3521 692 3566 aum
707 3507 756 3567 ala
770 3507 893 3567 sinistra
907 3511 938 3564 et
951 3517 1008 3563 sex
1022 3499 1074 3561 miv
