2642 4017
286 277 402 339 LissER
422 277 481 337 xi.
505 276 589 337 cur.
603 285 648 338 55.
660 286 704 338 55.
720 282 757 349 [a.
773 283 806 336 c.
821 282 883 350 555]
1043 276 1085 342 at

110 428 181 506 lippi
196 430 305 503 lucret,
323 429 427 503 regine
441 428 487 486 vir
500 427 684 501 5551551555,
699 427 795 489 5515111
809 429 900 491 511555
914 447 1017 507 pugne
1032 433 1086 494 ad·

110 529 218 574 versus
233 512 427 574 Cleomenem
441 511 718 572 Lacedaemonium
734 512 845 574 clerus.
872 521 1002 576 tutorem
1016 530 1086 576 cum

109 596 228 668 Gracci,
246 603 280 656 ut
293 595 476 671 cognomine
490 610 509 654 5
524 596 634 656 5515515
648 595 773 670 55511555
788 595 1017 673 drumonem,
1032 614 1085 675 ap

108 681 266 755 pellerent.
289 677 381 740 huius
395 678 496 738 lretris
511 678 593 739 filius
607 678 781 754 5151155555
795 694 836 739 555
849 679 1007 742 1555555115
1017 680 1086 743 Phl-

107 764 179 840 lippi
193 762 302 824 amicis
317 778 398 824 5555
408 761 605 838 incorruptus
618 769 844 838 permanseratr
858 763 949 839 eique
961 780 998 825 55
1007 765 1086 826 tides

107 863 301 924 nequequam
315 846 445 908 amicum
456 844 569 907 Persea
579 845 821 908 inimicissimum
835 848 957 909 lecerat.
977 848 1005 909 is
1016 864 1086 925 pno-

107 931 242 1007 spiciens
256 931 374 1003 animo,
396 936 509 1006 quanto
524 944 592 990 cum
608 929 745 1006 periculo
760 945 818 992 suo
832 930 987 994 heredites
1000 931 1087 1009 regni

107 1021 232 1075 venture
247 1013 384 1075 5555155
398 1013 527 1087 Persea,
547 1012 725 1088 5155155555
739 1013 843 1077 lohere
856 1015 990 1078 animum
1003 1014 1088 1091 regis

107 1105 136 1158 51
148 1097 352 1174 ingemiscere
366 1096 516 1157 interdum
532 1095 585 1157 lilii
600 1095 755 1159 desiderio
769 1098 882 1174 555511,
905 1115 986 1162 5555
999 1115 1087 1176 pree-

107 1180 205 1243 hendo
217 1197 320 1255 eures,
336 1196 417 1242 5555
427 1180 611 1243 1555555555
622 1181 712 1242 etiem
723 1182 908 1244 mentionem
918 1185 963 1244 rel
973 1192 1088 1247 temere

107 1273 199 1337 55155,
213 1279 311 1341 seepc
323 1263 462 1341 querenti
473 1278 608 1340 querens
620 1272 651 1325 et
661 1262 731 1341 ipse
741 1265 857 1327 ederet.
873 1273 984 1329 etcum
995 1269 1089 1329 multe

107 1350 247 1411 adsolent
265 1347 381 1409 veritas
397 1347 546 1423 praebere
559 1348 691 1424 vestigia
705 1348 770 1425 sul,
790 1349 873 1411 omni
888 1365 948 1426 ope
962 1349 1088 1411 adiuva·

107 1432 171 1507 hai,
189 1449 253 1509 quo
268 1431 416 1493 maturius
431 1431 535 1493 omnia
548 1441 734 1493 emanarent.
762 1433 900 1508 suspecti
914 1441 948 1495 51
962 1433 1089 1494 ministri

107 1517 252 1578 1555155515
266 1517 393 1591 Apelles
413 1514 546 1576 maxime
559 1524 591 1577 et
604 1515 757 1576 Philocles
772 1524 872 1589 55551,
895 1516 947 1593 qui
960 1516 1088 1579 Romam

107 1600 195 1677 legati
216 1601 340 1661 luerent
359 1600 538 1675 litterasque
558 1598 697 1661 exitiales
714 1599 867 1660 Demetrio
888 1599 946 1661 suh
966 1599 1089 1661 nomine

107 1681 266 1745 Flaminini
286 1683 455 1744 attolerent.
480 1682 544 1744 hv.
574 1684 669 1743 falses
690 1682 1089 1745 5555515555115551115155

108 1766 291 1842 signumque
300 1766 502 1828 adulterinum
514 1768 607 1842 vulgo
618 1766 648 1825 15
660 1766 746 1841 reple
756 1767 933 1830 tremebant.
955 1775 1090 1830 ceterum

109 1865 176 1911 cum
190 1857 340 1927 suspecte
353 1850 450 1926 555515
466 1865 558 1926 quam
573 1848 735 1910 manifesta
747 1858 833 1913 esset
845 1864 912 1924 res,
934 1853 1012 1914 lorte
1026 1851 1088 1931 Xy·

110 1933 184 1996 chus
205 1934 318 1998 obvius
332 1935 366 1997 lit
379 1935 549 2010 Antigono,
571 1933 878 2011 comprehensusque
892 1935 931 1996 ab
946 1951 984 1996 co
998 1935 1028 1995 in
1044 1951 1090 1995 re-

109 2018 187 2092 51555
208 2026 259 2081 551
278 2019 454 2095 perductus.
487 2018 593 2080 relicto
614 2033 653 2079 eo
668 2017 850 2080 custodibus
863 2018 1036 2094 Antigonus
1051 2018 1090 2078 ad

73 2104 78 2107 ’
109 2100 282 2180 Philippum
300 2102 460 2178 processit.
496 2102 639 2178 „multis“
659 2101 759 2179 inquit
778 2102 990 2175 „sermonibus
1004 2102 1090 2163 15151-

110 2183 224 2248 texisse
236 2186 346 2248 videor
355 2202 468 2263 magno
479 2192 510 2247 tc
522 2187 760 2258 aestimaturum,
776 2188 803 2247 si
815 2185 896 2248 scire
905 2201 980 2246 5555
991 2184 1092 2247 omnia

112 2256 213 2343 pos'sis
231 2270 355 2332 55111115
371 2272 446 2346 tuis,
461 2277 529 2331 uter
541 2272 581 2332 ab
594 2278 663 2332 utro
679 2271 791 2347 5511155
806 2269 915 2330 fraude
928 2277 960 2331 et
973 2268 1091 2332 insidiis

110 2363 201 2416 esset.
231 2354 323 2415 homo
336 2371 418 2416 5555
432 2355 582 2430 omnium,
607 2355 660 2431 qul
675 2353 790 2415 nodum
803 2353 894 2414 huius
910 2355 1024 2416 erroris
1038 2369 1091 2414 ex·

112 2438 233 2499 solvere
243 2440 353 2514 possit,
363 2439 394 2498 in
407 2445 560 2514 potestate
570 2446 623 2500 155
633 2438 851 2518 5511155555·
869 2437 948 2499 15515
957 2438 1091 2499 oblatum

113 2522 354 2599 perductumque
373 2524 403 2583 15
419 2522 534 2597 regiam
554 2523 657 2584 vocari
672 2522 797 2584 iuberet
826 2521 978 2584 adductus
994 2523 1091 2598 primo

113 2602 151 2664 ita
171 2621 286 2681 negare
306 2606 529 2678 inconstanter,
551 2614 584 2669 ut
598 2621 696 2682 pervo
716 2614 799 2669 55515
815 2605 939 2668 admoto
954 2614 1092 2683 peretum
1218 2600 1226 2614 ’

112 2685 243 2750 indicem
263 2705 336 2751 esse
355 2695 528 2765 appareret.
561 2697 759 2766 conspectum
778 2690 902 2752 tortoris
916 2691 1092 2752 verberum·

115 2787 245 2847 quenon
256 2773 408 2845 sustinuit,
425 2773 625 2849 ordinemque
636 2789 757 2835 omnem
769 2774 913 2836 facinoris
924 2775 1092 2851 legatorum

113 2855 332 2933 ministeriique
356 2858 405 2919 sui
430 2855 585 2932 exposuit.
617 2859 773 2933 extemplo
793 2856 880 2919 551551
902 2860 954 2934 qui
975 2860 1092 2935 lepetos

115 2941 423 3016 comprehenderent,
437 2940 618 3015 Philoclem,
634 2941 687 3018 qui
702 2948 948 3017 praesenserat,
963 2957 1093 3019 oppres-

115 3032 233 3085 serunt=
248 3026 375 3101 Apelles
386 3025 501 3086 missus
513 3024 554 3085 ad
561 3023 727 3086 0155555555
739 3025 892 3101 quendam
903 3040 1092 3102 persequen-

115 3106 185 3169 dum
204 3109 318 3170 indicio
331 3108 433 3188 Xychi
453 3106 558 3170 audito
578 3108 610 3169 in
624 3109 742 3169 italiam
755 3110 882 3170 traiecit.
906 3109 946 3170 de
958 3109 1093 3172 Philocle

115 3188 185 3252 nihil
206 3193 280 3254 55511
300 3194 456 3269 vulgatum
476 3199 538 3253 este
566 3193 616 3253 alii
638 3192 736 3266 primo
751 3192 908 3254 audaciter
922 3201 1093 3270 5555151551,

116 3283 277 3353 postquem
291 3278 322 3337 in
340 3283 541 3352 conspectum
555 3276 707 3338 55555155
722 3277 762 3339 511
775 3276 920 3356 Xychus,
940 3293 1001 3338 555
1015 3278 1094 3337 51155

116 3361 295 3435 1515551555,
313 3360 364 3422 5111
378 3368 528 3433 tormenta
544 3361 635 3422 etiem
649 3359 828 3422 initiantem
843 3375 1026 3438 perpessum
1040 3358 1093 3419 ed-

118 3438 242 3506 finnant.
270 3445 411 3521 Philippo
431 3444 653 3520 redintegratus
669 3453 717 3507 est
730 3447 830 3506 luctus
844 3445 1093 3521 gemimusque

119 3530 146 3585 ei
161 3524 365 3591 inlelicitetem
380 3545 467 3621 suem
482 3528 512 3589 15
527 3528 630 3589 liberis
643 3531 830 3602 graviorem,
853 3524 1085 3650 5555515555-
