2642 4017
304 313 420 374 LIBER
433 314 521 374 xlll.
543 315 627 377 CAP.
637 323 664 376 a.
675 324 701 376 4.
713 326 739 378 5.
760 318 795 396 [a.
807 323 840 378 c.
851 320 913 398 rra]
1022 317 1085 384 lab

103 485 177 532 area
190 466 311 543 templi,
328 467 401 543 quia
413 467 660 542 reponendarum
675 483 765 529 nemo
781 469 890 530 artilex
905 469 982 531 inire
995 472 1085 535 ratio

102 569 174 614 nem
188 550 330 626 potuerit,
344 551 557 625 redemptores
572 552 756 613 nunliarunt.

187 637 238 696 1v.
259 635 305 694 Ex
321 633 530 710 praetoribus,
553 634 606 710 qui
620 635 650 694 in
662 635 839 711 provincias
855 637 967 711 ierant,
981 638 1016 698 Ν.
1030 636 1086 700 Fa·

102 720 173 781 blus
187 716 344 780 Massiliae
357 717 501 793 moritur,
516 733 585 779 cum
599 718 630 778 in
645 719 815 781 citeriorem
828 720 1007 796 Hispaniam
1021 721 1086 782 iret

102 805 207 880 itaque
228 818 298 863 cnm
317 800 349 862 id
371 802 538 862 nuntiatum
558 818 577 861 a
595 800 841 865 Massiliensibus
867 805 974 880 legatis
994 811 1087 881 esset,

103 893 230 948 senatus
242 883 388 959 decrevit,
402 891 437 945 nt
446 884 477 943 P.
489 885 598 946 Furius
610 893 642 947 et
653 885 705 947 Cn.
719 886 876 961 Servilius,
893 889 1005 964 quibus
1017 905 1087 950 suc·

104 971 279 1045 cedebatur,
294 969 372 1029 inter
386 983 422 1029 se
436 969 626 1042 sortirentur,
641 978 709 1032 uter
723 970 892 1033 citeriorem
905 971 1088 1046 Hispaniam

104 1061 272 1129 prorogato
292 1050 419 1128 imperio
441 1051 599 1113 obtineret.
632 1070 703 1115 sors
724 1063 898 1131 opportuna
918 1056 988 1130 luit,
1008 1064 1042 1117 ut
1055 1054 1087 1113 P.

103 1136 214 1199 Furius
228 1136 319 1210 idem,
336 1134 423 1196 cuius
440 1150 478 1195 ea
492 1137 652 1211 provincia
666 1138 774 1213 luerat,
787 1145 968 1200 remaneret.

188 1220 306 1281 Eodem
317 1234 407 1291 anno,
424 1233 491 1279 cum
505 1219 569 1295 agri
579 1219 728 1296 Ligustini
738 1229 769 1283 et
781 1222 894 1295 Gallici,
912 1222 1088 1300 quodbello

105 1311 227 1381 captum
248 1303 326 1377 erat,
348 1301 536 1377 aliquantum
550 1313 689 1378 vacaret,
712 1311 838 1366 senatus
854 1307 1027 1367 consultum
1041 1311 1089 1368 est

104 1390 228 1462 lactum,
243 1394 276 1447 ut
289 1387 317 1448 is
331 1402 406 1461 ager
419 1384 530 1448 viritim
547 1385 742 1452 divideretur.
766 1387 959 1450 decemviros
974 1388 1005 1448 in
1020 1403 1088 1449 eam

104 1488 169 1532 rern
191 1487 231 1531 ex
251 1476 377 1531 senatus
394 1472 536 1531 consulto
552 1472 667 1533 creavit
678 1476 717 1532 A.
731 1473 842 1532 Alilius
860 1479 984 1548 praetor
997 1470 1087 1531 urba·

105 1572 164 1617 nus
184 1554 224 1614 M.
245 1551 408 1615 Aemilium
425 1553 574 1629 Lepidum
595 1555 626 1616 C.
643 1553 782 1615 cassium
801 1555 833 1612 T.
849 1555 1012 1616 Aebutium
1033 1553 1088 1615 Ca-

105 1655 172 1700 rum
193 1638 224 1700 C.
239 1637 430 1698 Tremellium
449 1636 481 1696 P.
498 1637 670 1699 Cornelium
692 1638 856 1713 Cethegum
878 1638 911 1713 Q.
933 1644 963 1700 et
976 1637 1009 1698 L.
1023 1638 1088 1714 Ap·

27 1756 32 1765 ⁵
107 1722 226 1798 puleios
238 1720 279 1780 Μ.
292 1719 455 1781 caecilium
467 1719 498 1781 C.
511 1719 669 1782 Salonium
682 1720 712 1782 C.
725 1720 901 1783 Munatium.
919 1722 1088 1784 diviserunt

106 1807 187 1868 dena
201 1805 306 1880 iugera
320 1803 351 1863 in
366 1803 516 1879 singulos,
533 1803 628 1866 sociis
643 1802 775 1865 nominis
789 1803 887 1866 Latini
901 1812 997 1867 terna

114 1913 119 1923 ·
189 1888 247 1948 Per
260 1888 342 1948 idem
355 1894 493 1964 tempus,
509 1904 571 1965 quo
585 1888 662 1948 haec
678 1887 853 1963 agebantur,
869 1888 959 1964 legati
974 1905 1014 1950 ex
1029 1890 1088 1949 Ae-

107 1974 179 2036 tolia
192 1973 321 2034 Romam
334 1979 485 2032 venerunt
501 1971 540 2033 de
555 1971 720 2033 discordiis
735 1971 999 2048 seditionibusque
1013 1972 1089 2046 suis,

107 2065 136 2119 et
148 2054 287 2117 Thessali
303 2054 394 2130 legati
408 2056 597 2129 nandantes,
613 2055 737 2130 quaein
751 2054 933 2117 Macedonia
947 2068 1089 2129 gereren-

106 2149 163 2203 tur.
185 2139 224 2198 V.
244 2138 377 2199 Perseus
393 2138 452 2198 iam
462 2140 575 2201 bellum
586 2137 658 2201 rivo
671 2147 757 2216 patre
769 2138 934 2215 cogitatum
945 2139 975 2198 in
987 2136 1090 2199 animo

107 2225 252 2298 volvens,
274 2238 380 2284 omnes
402 2239 463 2284 non
485 2229 593 2298 gentes
608 2224 702 2285 modo
718 2223 865 2284 Graeciae
879 2221 936 2282 sed
951 2220 1090 2283 civitates

106 2308 195 2369 ellam
210 2306 413 2382 legationibus
428 2307 591 2379 mittendis,
606 2307 782 2382 pollicendo
796 2308 989 2382 pluraquam
1002 2320 1090 2380 prae·

107 2391 228 2464 stando,
243 2390 302 2450 sibi
317 2390 506 2452 conciliabat.
530 2398 616 2451 erant
627 2400 729 2452 tamen
743 2406 872 2466 magnae
885 2390 981 2466 partis
992 2387 1090 2449 homi-

106 2493 176 2536 num
199 2474 240 2534 ad
259 2473 396 2534 favorem
410 2474 476 2534 eius
493 2472 627 2537 inclinati
640 2474 748 2547 animi,
771 2480 803 2535 et
815 2473 981 2550 aliquando
997 2487 1090 2549 quam

64 2578 66 2580 ·
106 2559 135 2618 in
151 2559 319 2619 Eumenem
338 2558 575 2634 propensiores,
597 2574 666 2619 curn
679 2559 825 2621 Eumenis
845 2556 1005 2618 beneficiis
1023 2573 1089 2617 mu-

105 2643 294 2716 neribusque
315 2657 422 2702 omnes
445 2642 589 2703 Graeciae
611 2640 749 2704 civitates
767 2650 797 2705 et
816 2641 956 2717 plerique
977 2638 1090 2716 princi-

105 2743 180 2803 pum
192 2724 317 2799 obllgali
328 2733 442 2798 essent
459 2724 541 2786 etita
552 2724 627 2786 sein
639 2741 737 2801 regno
750 2742 808 2787 suo
820 2732 948 2801 gereret,
963 2731 998 2786 ul
1008 2739 1090 2798 quae

106 2811 165 2871 sub
181 2807 303 2869 dicione
318 2809 385 2869 eius
399 2810 492 2871 urbes
507 2814 612 2870 essent
624 2810 737 2870 nullius
752 2809 867 2869 liberae
882 2805 1012 2869 civitatis
1027 2807 1088 2867 lor·

104 2900 209 2955 tunam
230 2907 335 2953 secum
354 2899 500 2954 mutuam
519 2893 642 2953 vellent.
679 2899 786 2954 conlra
798 2891 913 2952 Persea
927 2891 1008 2950 lama
1025 2897 1091 2951 erat

104 2982 179 3054 post
192 2975 288 3051 patris
302 2983 431 3037 mortem
444 2991 573 3038 uxorem
586 2992 679 3037 manu
693 2991 750 3037 sna
762 2972 924 3048 occidisse,
941 2975 1089 3050 Apellam,

104 3059 274 3122 ministrum
289 3060 446 3136 quondam
460 3059 577 3120 fraudis
591 3060 621 3119 in
637 3061 729 3120 lralre
742 3058 878 3120 tollendo
897 3063 989 3133 atque
1003 3058 1043 3118 ob
1058 3056 1089 3118 id

104 3152 136 3206 et
150 3141 323 3220 quaesitum
338 3143 510 3219 aPhilippo
526 3143 565 3203 ad
581 3141 766 3220 supplicium
780 3148 811 3202 et
825 3142 1025 3214 exsulantem,
1042 3157 1090 3201 ar·

104 3225 253 3288 cessitum
263 3234 336 3303 post
346 3227 442 3303 patris
453 3234 579 3289 mortem
590 3226 764 3301 ingentibus
777 3224 938 3301 promissis
949 3225 990 3286 ad
1001 3239 1089 3300 prae-

103 3308 165 3372 rnia
178 3318 281 3372 tantae
295 3317 488 3388 perpetratae
501 3309 547 3373 rei
561 3312 639 3371 clam
652 3309 852 3371 interfecisse.
874 3307 1025 3370 intestinis
1036 3322 1089 3366 ex·

102 3392 262 3471 ternisque
289 3400 451 3471 praeterea
478 3394 579 3457 nrultis
605 3394 752 3456 caedibus
778 3392 920 3454 infamem
945 3405 1004 3449 nec
1027 3389 1090 3448 ullo

104 3476 379 3540 commendabilem
399 3477 506 3540 merito
526 3478 743 3554 praeferebant
764 3479 855 3551 vulgo
874 3473 1012 3535 civitates
1029 3477 1090 3531 tam

106 3562 158 3637 pio
171 3577 244 3638 erga
254 3561 458 3639 propinquos,
472 3568 533 3622 tam
545 3560 625 3623 iusto
640 3562 672 3621 in
683 3561 777 3627 cives.
790 3567 851 3619 tam
862 3553 1006 3615 munifico
1017 3567 1089 3626 erga
