2642 4017
315 293 431 356 LIBER
444 293 531 353 XLII.
555 294 637 354 cAP.
652 302 697 358 st.
709 301 753 358 58·
776 303 812 366 [a.
826 301 859 354 C·
874 301 936 369 171]
1043 294 1105 359 179

122 458 278 514 amatura
290 445 362 521 plus
375 451 520 520 possent,
542 460 750 507 conversuros
764 447 870 509 aciem.
893 447 998 508 LVIII.
1020 457 1104 524 post·

122 544 218 607 qaum
238 529 393 603 inceptum
411 544 474 588 non
495 529 696 603 succedebat,
718 537 819 592 castra
839 529 970 607 propius
983 530 1104 593 hostem

121 611 220 675 movit
229 628 294 686 rex,
310 619 373 673 eta
388 612 524 688 quinque
538 612 659 674 milibus
671 629 821 688 passuum
832 614 1016 676 communiit.
1031 613 1105 675 inde

121 700 194 758 lnce
212 695 310 772 prima
330 697 361 755 in
382 695 492 756 eodem
513 711 575 772 quo
597 696 718 757 solebat
737 698 806 758 loco
826 698 964 773 peditum
978 698 1044 758 acie
1059 700 1103 758 in-

123 786 240 842 structa
251 778 419 854 equitatum
433 793 555 839 omnem
574 780 736 855 levemque
749 788 932 842 armaturam
946 782 987 841 ad
1002 789 1104 843 castra

123 863 259 924 bostium
273 862 364 924 ducit.
385 863 472 924 visus
487 870 518 923 et
530 864 681 938 plurimus
695 870 727 926 et
749 864 878 941 propior
897 865 988 926 solito
1001 863 1102 939 pulvis

123 946 357 1022 trepidationem
377 946 408 1006 in
424 946 532 1008 castris
546 946 694 1007 Romanis
708 945 789 1009 lecit
812 954 842 1007 et
855 949 954 1024 primo
968 948 1022 1008 vix
1036 963 1101 1009 cre·

124 1031 221 1092 ditum
234 1030 383 1090 nuntianti
397 1036 453 1104 est,
470 1030 543 1105 qula
556 1028 713 1106 prioribus
727 1031 879 1093 continuis
895 1032 1003 1093 diebus
1015 1047 1102 1092 num·

125 1129 219 1189 quarn
237 1119 307 1174 ante
329 1114 436 1173 horam
457 1119 596 1189 quartam
615 1113 714 1175 hostis
728 1123 926 1191 apparuerat,
947 1122 1011 1176 tum
1025 1116 1101 1176 solis

125 1202 211 1258 ortus
231 1204 304 1257 erat.
334 1197 446 1258 deinde
465 1203 500 1258 ut
518 1195 651 1273 plurium
671 1199 805 1259 clamore
819 1205 850 1259 et
864 1215 957 1260 cursu
971 1215 990 1258 a
1004 1199 1102 1274 portis

123 1280 271 1342 dubitatio
291 1287 432 1356 exempta
452 1288 514 1355 est,
533 1281 680 1343 tumultus
700 1281 808 1357 ingens
824 1283 968 1344 oboritur.
990 1279 1102 1344 tribuni

123 1365 335 1443 praefectique
355 1371 385 1425 et
406 1364 601 1425 centuriones
621 1364 652 1424 in
666 1365 868 1440 praetorium,
888 1365 975 1425 miles
990 1365 1030 1425 ad
1044 1380 1103 1425 sua

123 1449 257 1526 quisque
283 1448 412 1510 tentoria
438 1446 589 1508 discurrit
615 1446 716 1508 minus
738 1448 922 1525 quingentos
948 1462 1104 1523 pccsusa

122 1532 205 1592 vallo
219 1529 406 1593 instruxerat
414 1531 547 1592 Perseus
562 1546 638 1591 suos
652 1531 735 1591 circa
747 1533 895 1592 tumulum
911 1545 1003 1607 quem
1014 1530 1101 1591 Calli·

123 1614 226 1678 einum
239 1622 361 1676 vocant.
383 1617 473 1676 laevo
485 1630 583 1675 comu
594 1613 689 1689 cotys
703 1629 760 1675 rex
771 1620 913 1690 praeerat
924 1628 993 1675 cum
1004 1615 1102 1674 omni·

123 1700 185 1760 bus
205 1715 282 1760 suae
302 1698 418 1774 gentis;
446 1698 581 1773 equitum
601 1698 727 1758 ordines
747 1698 824 1759 levis
845 1704 998 1760 armatura
1010 1695 1102 1758 inter-

124 1781 229 1859 posita
253 1783 466 1859 distinguebat.
497 1780 529 1842 in
556 1782 665 1842 dextro
690 1796 786 1841 comu
805 1781 993 1843 Macedones
1015 1790 1103 1843 crant

124 1864 255 1941 equites,
270 1865 430 1927 intermixti
445 1864 551 1927 turmis
566 1880 674 1925 eorum
685 1865 862 1926 cretensesr
884 1865 956 1926 huic
971 1870 1098 1927 armatu·

121 1966 177 2010 rae
196 1948 301 2010 Midon
321 1950 513 2022 Beroeaeus,
534 1948 690 2024 equitibus
711 1955 742 2010 et
763 1964 902 2009 summae
922 1947 1018 2023 partis
1034 1948 1102 2008 eius

122 2033 214 2094 Meno
234 2033 454 2110 Antigonensis
474 2038 624 2108 praeerat.
651 2029 783 2108 proximi
798 2032 943 2093 cornibus
958 2030 1103 2092 constlta·

14 2182 18 2189 ,
123 2123 193 2176 rant
204 2116 280 2191 regii
293 2117 423 2193 equites,
437 2124 468 2177 et
480 2116 606 2177 mixtum
620 2132 729 2192 genus,
745 2116 865 2176 delecta
879 2114 1013 2190 plurium
1027 2127 1102 2188 gen·

124 2198 198 2261 tium
221 2200 348 2262 auxilia:
381 2200 537 2262 Patrocles
568 2199 790 2275 Antigonensis
821 2198 871 2258 hic
896 2204 927 2258 et
948 2195 1102 2258 Paeoniae

124 2283 299 2359 praelectus
320 2284 414 2344 Didas
438 2290 525 2344 erant
546 2283 725 2358 praepositi.
754 2282 876 2343 medius
897 2279 1032 2342 omnium
1045 2296 1103 2340 rex

125 2373 205 2442 erat,
227 2367 309 2427 circa
329 2382 398 2429 curn
411 2382 519 2441 agema
534 2366 617 2441 quod
631 2373 759 2439 vocant,
780 2379 951 2442 sacraeque
965 2365 1102 2441 equitum

123 2452 199 2510 alae.
219 2457 290 2510 ante
310 2465 346 2511 se
367 2454 470 2511 statuit
488 2450 658 2511 ltmditorcs
673 2451 934 2525 iaculatoresquer
956 2446 1101 2524 quadrin-

122 2540 282 2609 gentorum
315 2550 425 2595 manus
453 2540 583 2609 utraque
610 2550 769 2596 numerum
797 2534 956 2609 explebatr
996 2533 1102 2592 Ionem

120 2614 428 2679 Thessalonicensem
449 2626 480 2679 et
499 2614 532 2656 **
552 2616 786 2693 Neoptolemum
811 2616 850 2677 iis
867 2614 1026 2693 praefecit
1055 2614 1102 2675 sic

121 2699 200 2775 regii
220 2700 427 2763 constiterant.
455 2701 564 2762 consul
585 2701 665 2761 intra
684 2703 798 2762 vallum
818 2701 953 2776 peditum
974 2698 1041 2760 acia
1053 2696 1102 2758 in·

121 2789 238 2844 structa
252 2791 283 2846 et
301 2784 370 2861 ipse
391 2786 556 2861 equitatum
571 2799 692 2846 omnem
707 2800 775 2845 cum
789 2784 849 2844 levi
864 2790 1015 2845 armatura
1029 2782 1103 2843 enri-

123 2866 173 2927 sit.
196 2881 252 2942 pro
266 2869 347 2929 vallo
362 2866 503 2929 instructi
517 2875 597 2945 sunt.
619 2868 728 2928 dextro
744 2882 842 2928 cornu
855 2867 1054 2942 praepositus
1070 2865 1102 2926 c.

120 2949 256 3011 Licinius
279 2952 409 3014 Crassus
430 2948 567 3013 consulis
583 2951 690 3023 irater,
713 2967 783 3011 cum
798 2950 881 3010 omni
894 2949 1000 3010 Italico
1017 2949 1103 3025 equi·

123 3039 201 3108 tatu,
216 3036 359 3098 velitibus
373 3032 569 3106 intermixtis;
598 3033 722 3094 sinistro
736 3033 777 3093 Μ.
791 3034 934 3093 Valerius
950 3032 1103 3094 Laevinus

122 3118 278 3180 sociorum
298 3136 339 3182 ex
354 3119 480 3180 Graecis
500 3116 623 3195 populis
638 3117 757 3192 equites
771 3116 905 3178 habebat
918 3123 949 3176 et
963 3117 1103 3178 eiusdem

121 3203 222 3276 gentis
236 3204 336 3264 levem
352 3212 542 3265 armaturam.
560 3201 692 3263 mediam
706 3207 807 3262 autern
822 3201 919 3262 aciem
932 3217 1002 3262 cunr
1019 3200 1102 3260 delc-
1149 3256 1154 3267 ,

122 3285 180 3346 ctis
195 3286 349 3362 equitibus
371 3284 620 3349 extraordinariis
642 3285 765 3346 tenebat
778 3283 812 3359 Q.
826 3284 957 3348 Mucius.
980 3280 1103 3344 ducenti

122 3368 244 3444 equites
264 3370 342 3431 Galli
362 3381 433 3433 anta
453 3371 542 3446 signa
561 3370 671 3431 horum
691 3368 844 3442 instructi,
871 3377 901 3429 et
921 3367 961 3427 de
980 3364 1101 3425 auxiliis

121 3450 267 3516 Eumenis
283 3453 454 3535 Cyrtiorum
467 3454 567 3529 gentis
581 3453 718 3514 trecenti.
733 3450 872 3513 Thessali
887 3445 1102 3524 quadringenti

123 3537 243 3612 equites
263 3555 360 3614 parvo
380 3538 538 3600 intervallo
560 3552 656 3612 super
675 3537 795 3597 laevum
810 3549 906 3675 coqunn
921 3528 1020 3591 locati.
1041 3528 1103 3589 Eu-
