2642 4017
248 261 310 325 160
413 260 529 321 LIBER
541 260 628 321 XLII.
643 260 726 321 cni.
742 267 786 324 ct.
797 269 841 325 88.
858 268 894 336 [a.
908 267 942 321 U.
955 284 979 320 c.
990 267 1053 336 581]

248 412 368 474 obitent
392 417 422 470 et
445 409 556 471 milites
580 410 759 472 diviserunt.
790 409 945 472 Decimius
970 411 1084 473 missus
1109 418 1158 472 est
1184 411 1226 473 ad

249 496 388 557 Gentium
407 509 511 569 regem
531 494 720 571 lllyriorum,
742 494 881 569 quamsi
901 494 1034 570 aliquem
1048 500 1226 570 respectum

248 578 397 639 amicitiae
410 593 480 638 cum
490 577 749 654 populumne
765 577 878 637 habere
893 585 1039 651 cerneret,
1062 585 1226 653 temptaret

248 670 301 723 aut
314 662 404 723 etlam
417 661 458 721 ad
473 661 544 720 belli
559 660 737 720 societatem
752 660 914 736 perliceret
928 662 1044 722 iussus.
1058 662 1178 722 Lentuli
1193 663 1225 723 in

249 744 473 822 Cephalleniam
487 744 581 816 missi,
595 743 669 802 utin
679 743 925 819 Peloponnesum
938 746 1106 818 traicerent,
1123 762 1224 806 oram·

249 844 311 905 que
330 829 422 888 maris
443 827 474 886 ln
488 826 678 887 occidentem
692 825 776 888 versi
788 836 859 888 ante
873 829 1003 889 hiemem
1019 827 1223 890 circumirent.

247 911 361 973 Marcio
376 917 407 970 et
419 910 511 971 Atilio
525 910 637 985 Epirus
648 910 768 971 Aetolia
779 918 809 972 et
818 911 977 973 Tbessalia
988 912 1225 974 circumeundae

248 994 463 1070 adsignantur;
492 994 564 1053 inde
583 993 743 1054 Boeotiam
763 1000 856 1069 atque
875 995 1034 1055 Euboeam
1061 996 1225 1071 adspicere

247 1078 333 1149 iussi,
349 1084 412 1138 tum
425 1077 456 1136 in
471 1076 719 1152 Peloponnesum
732 1076 877 1139 traicere:
898 1078 940 1140 ibi
951 1094 1176 1154 congressuros
1187 1095 1224 1140 se

249 1176 318 1220 curn
348 1160 484 1221 Lentulis
515 1161 710 1222 constituunt.
744 1159 924 1237 priusquam
949 1163 1181 1238 digrederentur
1204 1179 1224 1223 a

249 1244 391 1320 Corcyra,
406 1242 523 1304 litterae
538 1244 682 1306 aPerseo
693 1245 813 1305 adlatae
824 1252 904 1318 sunt,
921 1247 1033 1322 quibus
1045 1247 1222 1321 quaerebat,

249 1343 328 1403 quae
349 1342 444 1387 causa
463 1326 609 1388 Romanis
630 1333 683 1387 aut
704 1327 735 1388 in
757 1329 915 1388 Graeciam
934 1329 1093 1390 traiciendi
1114 1330 1222 1406 copias
1313 1338 1314 1345 ’

247 1418 300 1472 aut
314 1412 406 1472 urbes
422 1408 594 1487 occupandi
608 1417 701 1472 esset
723 1412 773 1472 cui
784 1410 913 1472 rescribi
928 1428 988 1473 non
1000 1412 1130 1488 placuita
1145 1428 1222 1474 nun-

247 1494 289 1556 tio
303 1493 411 1570 ipsius,
427 1495 480 1569 qui
493 1494 608 1555 litteras
623 1496 771 1569 attulerat,
795 1493 855 1554 dici
870 1496 1015 1570 praesidii
1029 1511 1125 1556 causa
1138 1495 1221 1572 ipsa-

246 1595 314 1638 rum
328 1579 447 1639 urqum
461 1579 617 1640 Romanos
633 1579 744 1638 lacere.
765 1578 885 1638 Lentuli
899 1579 1121 1640 circumeuntes
1135 1579 1221 1640 Pelo·

247 1662 378 1736 ponnesi
405 1662 536 1737 oppida,
562 1679 630 1722 curn
655 1662 724 1722 siue
749 1661 924 1722 discrimine
949 1679 1056 1723 omnes
1083 1661 1221 1724 civitates

247 1743 489 1819 adhortarentur,
504 1751 537 1804 ut
551 1762 611 1822 quo
627 1745 737 1819 animo,
754 1761 815 1821 qua
829 1745 891 1805 ilde
906 1743 1098 1806 adiuvissent
1110 1747 1217 1806 Roma
1237 1760 1241 1766 ·

248 1841 306 1887 nos
325 1825 455 1902 Philippi
476 1827 620 1903 primum,
641 1829 754 1891 deinde
767 1828 911 1890 Antiochi
924 1829 1022 1905 bello,
1043 1829 1153 1890 eodem
1167 1829 1219 1889 ad·

246 1924 358 1970 versus
367 1908 480 1971 Persea
490 1912 636 1985 iuvarent,
649 1912 799 1975 tremitum
810 1911 841 1974 in
852 1912 1047 1975 contionibus
1058 1913 1220 1973 audiebant

248 1993 379 2056 Achaeis
399 1993 625 2071 indignantibus
646 1995 755 2055 eodem
771 2011 806 2056 se
820 1997 890 2057 loco
906 2012 992 2071 esse,
1021 1996 1073 2072 qui
1088 1997 1222 2057 omniaa

249 2077 404 2157 principiis
418 2078 608 2140 Macedonici
621 2077 693 2137 belli
707 2080 933 2152 praestitissent
951 2080 1099 2141 Romanis
1113 2086 1144 2140 et
1156 2080 1220 2139 Ma-

246 2164 399 2223 cedonum
412 2161 543 2239 Philippi
556 2162 637 2223 bello
652 2161 759 2222 hostes
774 2161 919 2238 luissent,
940 2180 1002 2239 quo
1017 2163 1163 2225 Messenii
1176 2170 1220 2223 at·

248 2263 308 2321 que
321 2247 394 2319 Elei,
411 2247 463 2322 qui
479 2262 535 2321 pro
545 2243 697 2306 Antiocho
713 2243 803 2307 hoste
814 2262 899 2306 arma
909 2248 1060 2308 adversus
1074 2247 1219 2322 populum

246 2330 415 2390 Romanurn
430 2330 579 2402 tulissent,
594 2344 630 2388 ac
645 2343 743 2403 nuper
753 2329 783 2388 in
795 2329 963 2391 Achaicum
974 2330 1135 2391 contributi
1147 2346 1218 2392 con-

247 2414 347 2473 cilium
367 2415 452 2473 velut
470 2412 637 2487 praequm
658 2411 730 2471 belli
751 2428 786 2472 se
806 2412 973 2475 victoribus
992 2413 1219 2476 Achaeistradi

248 2502 454 2571 quererentur.
491 2494 652 2554 XXXVIII.
684 2493 817 2556 Marcius
843 2505 874 2558 et
896 2497 1005 2558 Atilius
1031 2497 1070 2557 ad
1096 2497 1218 2557 Gitanas

244 2579 328 2652 Epiri
343 2575 491 2651 oppidum
506 2577 612 2637 decem
626 2578 708 2638 milia
721 2594 740 2638 a
753 2580 829 2640 mari
840 2595 910 2641 cum
921 2580 1132 2655 escenderent,
1148 2595 1219 2640 con·

246 2659 316 2719 cilio
329 2660 521 2734 Epirotarum
536 2658 639 2721 habito
656 2678 725 2723 oum
739 2678 850 2738 magno
867 2664 1000 2725 omnIum
1015 2665 1152 2724 adsensu
1166 2681 1217 2725 au·

245 2741 299 2802 diti
320 2748 405 2812 suut3
425 2749 456 2803 et
475 2742 715 2820 quadringentos
737 2747 902 2809 iuventutis
917 2763 1023 2809 eorum
1037 2748 1068 2807 in
1083 2746 1217 2822 Orestas,

245 2833 277 2886 ut
290 2824 447 2901 praesidio
458 2834 562 2889 essent
582 2828 716 2890 liberatis
731 2831 770 2890 ab
785 2838 894 2891 senatu
907 2829 1143 2908 Macedonibus,
1164 2828 1217 2891 mi—

245 2917 358 2971 serunt.
380 2910 452 2971 inde
465 2911 496 2972 in
510 2912 660 2973 Aetoliam
675 2914 848 2990 progressi,
873 2931 910 2975 ac
925 2931 1042 2990 paucos
1056 2914 1099 2975 ibi
1112 2915 1218 2975 morati

245 2993 321 3065 dies,
338 2993 454 3055 dumio
470 2997 618 3071 praetoris
632 2995 744 3057 mortui
758 2998 859 3059 locum
874 2999 952 3059 alius
967 3000 1168 3073 sufficeretur,
1188 3006 1218 3059 et

245 3077 377 3154 LyeIsco
399 3086 540 3153 praetore
560 3080 655 3155 Iacto,
680 3096 771 3155 quem
783 3083 991 3144 Romanorum
1007 3085 1111 3143 lavere
1124 3083 1216 3160 rebus

245 3160 319 3220 satis
335 3169 523 3236 componam
537 3171 609 3237 erat,
625 3165 811 3225 transierunt
823 3166 854 3225 in
864 3164 1062 3226 Thessaliam.
1078 3181 1116 3226 en
1128 3165 1217 3240 legati

244 3245 439 3305 Acarnanum
460 3253 490 3306 et
503 3244 697 3308 ‘Boeotorum
718 3249 842 3309 exsules
858 3256 1015 3309 venerunt.
1037 3250 1217 3308 Acarnanes

244 3327 382 3388 nuntiare
407 3328 493 3402 Iussi,
520 3345 598 3403 quae
617 3329 748 3406 Philippi
769 3333 913 3406 primum,
938 3331 1081 3393 Antiochi
1107 3331 1217 3392 deinde
1313 3388 1314 3413 3

243 3410 340 3488 bello,
361 3412 482 3486 decepti
503 3411 772 3487 pollicitationibus
793 3415 887 3490 regiis
903 3415 1053 3476 adversus
1068 3416 1216 3490 populum
1313 3422 1314 3479 ἴ

242 3492 411 3556 Romanum
433 3494 672 3561 commisissent.
700 3511 736 3555 ea
758 3497 930 3571 corrigendi
945 3498 1140 3558 occasionem
1155 3496 1215 3557 illis
