2642 4017
233 250 275 313 ao
381 247 639 309 nlsnnxxxlx.
663 248 1072 334 cantuaniensem]

231 406 305 465 mitu
318 410 381 475 est,
398 401 454 462 sed
469 408 581 461 metum
594 401 698 461 iniecit
711 400 859 476 imperata
872 399 1048 460 recusandi.
1076 400 1108 459 id
1122 401 1214 462 modo

231 486 397 563 petierunt,
418 493 450 545 ut
464 484 593 545 Romani
615 500 695 559 quae
716 483 892 543 viderentur
911 484 950 542 de
963 482 1215 545 Lacedaemoniis

230 576 394 643 mutarent,
420 583 478 627 nee
496 567 640 628 Achaeos
664 567 812 641 religione
833 564 1056 640 obstringerent
1075 567 1158 627 irrita
1177 585 1215 628 ea

231 669 311 730 quae
335 653 530 713 iureiurando
552 651 730 711 sanxissent
750 648 889 710 lactendi.
925 649 1079 710 damnatio
1099 657 1215 712 mutum

229 738 302 798 Arei
318 744 348 797 et
361 734 539 809 Alcibiadis,
555 749 634 811 quae
649 749 749 808 nuper
762 734 842 794 iacta
856 738 930 805 erat,
947 734 1067 794 sublata
1080 741 1139 794 est

313 819 475 880 XXXVlll.
497 820 614 878 Romae
633 815 784 892 principio
806 816 873 876 eius
893 816 982 889 anni,
1005 831 1073 877 cum
1088 818 1128 878 de
1140 834 1212 893 pro·

228 902 337 964 vinciis
353 903 513 963 consulum
525 909 556 962 et
567 908 742 975 praetorum
754 905 958 974 actumesset,
974 900 1153 962 consulibus
1164 901 1213 962 Li·

228 1003 331 1061 gures,
348 986 421 1061 quia
433 985 545 1045 bellum
560 1000 715 1059 nusquam
729 983 802 1043 alibi
815 991 889 1057 erat,
906 984 1030 1044 decreti.
1052 991 1212 1059 praetores

230 1071 261 1130 C.
277 1068 432 1130 Decimius
446 1069 557 1128 Flavus
572 1068 734 1138 urbanam,
750 1067 782 1125 P.
798 1066 957 1127 Cornelius
972 1066 1122 1142 Cethegus
1135 1067 1215 1127 inter

229 1154 313 1213 cives
334 1158 365 1212 et
384 1152 562 1226 peregrinos
583 1151 682 1211 sortiti
702 1157 789 1223 sunt,
811 1151 842 1210 C.
864 1149 1063 1224 Sempronius
1083 1150 1213 1212 Blaesus

229 1236 372 1308 Siciliam,
388 1235 421 1308 Q.
433 1235 565 1294 Naevius
578 1234 683 1295 Mallio
696 1234 866 1295 Sardiniam
881 1241 912 1294 et
924 1241 958 1294 ut
970 1233 1052 1294 idem
1067 1235 1212 1295 davene

228 1319 308 1380 liciis
324 1324 492 1395 quaereret,
508 1319 545 1376 Α.
556 1319 716 1378 Terentius
727 1318 827 1377 Varro
838 1317 1018 1392 Hispaniam
1032 1319 1211 1391 citeriorem,

226 1401 259 1462 P.
274 1401 474 1477 Sempronius
489 1402 615 1475 longos
629 1400 809 1477 Hispaniam
822 1401 1005 1463 ulteriorem.
1031 1402 1070 1462 de
1083 1402 1123 1462 iis
1137 1402 1212 1461 dua·

227 1487 286 1547 bus
299 1484 465 1561 provinciis
477 1486 567 1560 legati
579 1500 636 1560 per
646 1485 678 1545 id
690 1487 754 1544 iere
766 1484 927 1559 tempusL.
936 1485 1090 1546 luventius
1097 1484 1211 1544 ‘lbalna

228 1578 259 1630 et
271 1570 305 1628 T.
319 1568 497 1643 Quinctilius
507 1569 609 1629 Varus
623 1576 783 1643 veneunt,
799 1568 852 1643 qni
869 1573 1015 1644 quantum
1029 1568 1141 1629 bellum
1152 1569 1212 1628 iam

227 1651 422 1728 profligatum
442 1653 473 1712 in
487 1652 635 1727 Hispania
654 1659 739 1712 esset
759 1659 868 1712 senatu
888 1652 998 1712 edocto
1017 1652 1209 1725 postularunt

228 1736 326 1809 simul,
341 1743 374 1795 ut
388 1751 444 1810 pro
458 1736 551 1795 rebus
566 1742 627 1796 tam
642 1751 792 1810 prospere
804 1735 902 1810 gestis
916 1735 976 1795 diis
991 1734 1209 1795 immortalibus

226 1819 390 1879 haberetur
409 1819 523 1891 honos,
545 1825 576 1879 et
594 1824 628 1879 ut
646 1820 839 1894 praetoribus
861 1818 1028 1879 oneratum
1045 1819 1211 1893 depellare

227 1902 341 1963 liceret.
369 1902 552 1978 supplicatio
574 1904 603 1963 in
624 1901 750 1962 biduum
765 1903 964 1962 decretaest:
986 1903 1025 1961 de
1039 1900 1210 1976 legionibus

228 1987 442 2061 deportandis,
459 2002 527 2046 curn
542 1985 581 2045 de
597 1986 758 2046 consulum
774 1991 1011 2060 praetorumque
1026 1984 1211 2047 exercitibus

228 2078 375 2144 ageretur,
389 2086 454 2128 rem
464 2070 611 2143 integram
622 2068 729 2146 referri
743 2069 908 2130 iusserunt
929 2084 1049 2143 paucos
1060 2076 1134 2144 post
1144 2069 1210 2129 dies

228 2152 406 2213 consulibus
427 2151 458 2211 in
471 2151 599 2225 Ligures
621 2152 711 2212 binae
725 2152 879 2227 legiones,
900 2169 978 2228 quas
992 2155 1052 2227 Ap.
1067 2151 1210 2213 claudius

227 2244 258 2295 et
267 2235 307 2295 Μ.
321 2234 519 2311 Sempronius
531 2236 708 2308 habuerant,
722 2236 863 2296 decretae
875 2242 955 2296 sunt.
978 2233 1210 2311 deHispanien·
1316 2245 1317 2260 ¹

227 2320 314 2380 sibus
332 2319 516 2380 exercitibus
537 2335 649 2395 magna
669 2318 823 2380 contentio
845 2320 902 2380 iuit
914 2320 994 2380 inter
1006 2336 1106 2381 novos
1121 2334 1210 2394 prae-

226 2411 308 2464 tores
324 2412 354 2464 et
367 2404 483 2464 amicos
497 2404 678 2475 absentium,
690 2403 844 2478 Calpurnii
856 2403 1057 2477 Quinctiique.
1080 2410 1212 2478 utraque

227 2503 321 2548 causa
340 2487 478 2547 tribunos
500 2487 615 2561 plebis,
638 2494 768 2563 utraque
789 2488 947 2548 consulem
960 2486 1103 2547 habebat.
1129 2486 1160 2545 hi
1174 2502 1211 2546 se

225 2569 450 2630 intercessuros
465 2578 591 2631 senatus
607 2573 763 2644 consulto,
777 2570 810 2631 si
825 2570 1035 2646 deportandos
1051 2573 1211 2630 censerent

224 2652 394 2727 exercitus,
422 2653 657 2715 denuntiabant=
686 2655 744 2728 illi,
768 2654 796 2714 si
809 2655 893 2714 boec
913 2653 1093 2716 intercessio
1113 2654 1209 2727 lieret,

225 2736 338 2796 nullam
352 2751 417 2796 rem
432 2737 521 2797 aliam
531 2753 567 2797 se
577 2738 702 2797 decerni
715 2753 875 2813 passuros.
895 2736 978 2798 vieta
989 2744 1144 2813 postremo
1157 2737 1209 2796 ab·

226 2821 357 2880 sentium
376 2821 473 2894 gratia
490 2829 538 2882 est
552 2826 583 2882 et
596 2829 722 2881 senatus
738 2823 911 2882 consultum
924 2823 1052 2894 lectum,
1074 2827 1108 2880 ut
1121 2835 1209 2894 prae·
1313 2879 1314 2908 ,

224 2911 309 2963 tores
326 2910 469 2978 quattuor
483 2904 565 2964 milia
578 2905 716 2980 pediturn
731 2905 938 2967 Romanorum
953 2904 1135 2975 scriberent,
1150 2909 1209 2962 tre·

226 2994 333 3048 centos
348 2987 483 3063 equites,
505 2995 535 3048 et
549 2988 686 3063 quinque
700 2988 782 3048 milia
795 2989 949 3050 sociorum
963 2987 1099 3063 peditum
1113 2985 1210 3046 Latini
1313 2979 1314 3022 i

224 3070 371 3146 nominis,
395 3070 579 3146 quingentos
601 3071 737 3147 equulos,
759 3088 839 3147 quos
860 3088 966 3133 secum
987 3071 1018 3131 in
1032 3069 1209 3145 Hispaniam

224 3160 391 3230 portarent.
414 3169 483 3214 cum
494 3170 548 3215 eas
559 3155 697 3228 legiones
709 3154 1111 3230 quattuordeseripsissent,
1125 3151 1209 3227 quod

224 3237 295 3313 plus
311 3254 402 3313 quarn
417 3237 510 3311 quina
524 3237 606 3297 milia
620 3238 764 3315 peditum,
779 3239 894 3299 treceni
906 3238 1027 3314 equites
1038 3238 1068 3297 ln
1082 3236 1209 3311 singulis

223 3321 395 3396 legionibus
410 3327 502 3395 esset,
518 3320 714 3395 dimitterent,
736 3337 791 3382 eos
808 3322 937 3396 primum
952 3321 1004 3397 qui
1018 3319 1143 3382 emerita
1156 3318 1208 3378 sti·

224 3405 339 3480 pendia
353 3406 510 3478 haberent,
526 3404 637 3465 deinde
646 3412 681 3466 ut
694 3405 845 3480 cuiusque
855 3405 1023 3467 fortissime
1034 3420 1131 3480 opera
1143 3402 1210 3463 cnl-

225 3491 353 3563 purnius
369 3497 400 3551 et
415 3489 571 3563 Quinctius
586 3489 617 3547 in
631 3487 750 3565 proelio
764 3489 814 3549 usi
828 3495 942 3550 essent.
