2642 4017
337 277 452 338 LIBER
461 279 552 339 XLV.
576 279 658 340 GAP.
674 288 717 342 13.
740 287 822 354 [ac.
837 287 898 356 168]
1044 281 1107 347 266

122 446 210 492 maso
227 429 478 505 Cleopatraeque,
493 429 606 506 siquid
621 445 677 506 per
684 445 720 491 se
728 430 802 493 boni
814 432 1028 508 commodique
1036 448 1106 494 eve-

123 516 229 589 nisset,
240 513 272 573 id
283 527 472 588 magnopere
483 519 625 574 senatum
631 511 746 589 laetari,
759 515 1106 592 daturumqueoperam,

123 607 157 662 ιιι
169 597 256 672 regni
274 595 323 657 sui
345 596 511 657 maximum
527 611 652 672 semper
672 596 860 673 praesidium
880 598 1015 674 positum
1036 614 1107 660 esse

123 683 154 743 in
166 682 230 741 lide
243 680 350 757 populi
363 678 495 741 Romani
515 680 638 742 ducant
673 695 802 741 munera
821 682 929 757 legatis
949 689 984 743 ut
1002 697 1042 743 ex
1062 683 1107 742 in·

124 765 229 827 stituto
249 762 396 833 mittenda
417 769 551 837 curaret,
574 764 604 824 G.
625 762 747 838 Papirio
767 766 901 839 praetori
921 766 1106 827 mandatum.

123 849 241 910 litterae
259 845 372 907 deinde
391 861 409 906 e
428 847 610 908 Macedonia
623 847 758 922 adlatae,
781 863 860 923 quae
880 848 1025 911 victoriae
1046 850 1107 909 lae

123 933 217 994 titiam
234 931 438 1007 geminarent·
460 929 575 992 Persea
594 945 700 1006 regem
719 931 750 991 in
770 937 955 1007 potestatem
970 931 1108 994 consulis

123 1015 259 1076 venisse.

210 1097 350 1158 Dimissis
377 1097 487 1171 legatis
507 1097 711 1173 disceptatum
736 1097 814 1158 inter
833 1098 963 1160 Pisanos
986 1068 1107 1160 Lunen-

124 1196 240 1258 sesque
260 1182 395 1257 legatos,
418 1180 538 1241 Pisanis
564 1180 762 1255 querentibus
788 1196 862 1256 agro
889 1197 925 1243 se
949 1183 1108 1245 acolonis

123 1262 271 1327 Romanis
298 1264 380 1340 pelli,
407 1264 602 1326 Lunensibus
629 1263 863 1326 adfirmantibus
892 1280 961 1326 eum
983 1265 1106 1341 dequo

125 1356 232 1425 agatur
246 1348 285 1408 ab
301 1346 466 1408 triumviris
479 1364 587 1424 agrum
600 1347 659 1409 sibi
672 1346 866 1423 adsignatum
877 1363 960 1409 esse.
982 1356 1106 1410 senatus

126 1434 178 1509 qui
202 1432 243 1492 de
265 1429 379 1492 finibus
399 1437 625 1506 cognoscerent
640 1436 869 1505 statuerantque
886 1429 1107 1506 quinqueviros

126 1514 221 1590 misit,
242 1515 277 1590 Q.
295 1513 422 1576 Fabium
442 1514 611 1575 Buteonem
631 1513 664 1571 P.
691 1512 863 1574 Cornelium
879 1513 1054 1573 Blasionem
1073 1514 1105 1573 Τ.

128 1598 343 1674 Sempronium
362 1597 500 1659 Muscam
520 1597 554 1656 L.
569 1596 716 1658 Naevium
728 1596 858 1657 Balbum
874 1595 905 1657 O.
920 1597 1108 1672 Appuleium

126 1681 330 1744 Saturninum.

208 1767 247 1828 Et
260 1767 299 1827 ab
312 1766 449 1827 Eumene
470 1771 502 1824 et
515 1764 554 1823 ab
568 1765 670 1825 Attalo
691 1770 723 1823 et
735 1764 774 1822 ab
789 1762 949 1827 Athenaeo
965 1762 1105 1827 iratribus

126 1850 296 1911 communis
309 1848 420 1924 legatio
436 1848 476 1908 de
489 1846 618 1908 victoria
631 1848 811 1922 gratulatum
824 1848 915 1909 venit
943 1854 973 1907 et
985 1846 1107 1923 Masga-

128 1934 185 1994 bae
198 1931 469 2008 regisMasinissae
484 1930 557 2005 filio,
572 1929 705 1992 Puteolis
720 1945 799 1990 nave
816 1946 960 2005 egresso,
982 1937 1107 2005 praesto

124 2017 181 2077 luit
194 2016 317 2077 obviam
330 2012 445 2076 missus
461 2030 530 2075 eum
541 2030 673 2090 pecunia
685 2013 719 2074 L
723 1995 865 2075 Manlius
881 2021 1035 2089 quaestor,
1056 2012 1107 2088 qui

124 2101 252 2162 Romam
265 2114 335 2158 eum
349 2099 471 2173 publico
486 2105 612 2174 sumptu
632 2098 823 2174 perduceret.
859 2094 1033 2158 advenienti
1054 2111 1107 2155 ex·

127 2182 240 2257 templo
255 2188 381 2242 senatus
397 2183 486 2243 datus
501 2188 557 2243 est.
593 2181 636 2242 ibi
657 2181 842 2242 adolescens
857 2179 899 2241 ita
912 2182 1033 2242 locutus
1049 2186 1105 2251 est,

125 2272 160 2327 ut
174 2280 255 2342 quae
268 2265 362 2326 rebus
373 2273 460 2341 grata
473 2272 568 2340 erant,
588 2263 724 2341 gratiora
739 2264 843 2325 verbis
864 2265 988 2325 laceret.
1025 2277 1107 2324 com·

126 2349 319 2422 memoravit,
350 2357 426 2425 quot
450 2349 569 2425 pedites
590 2349 788 2426 equitesque,
818 2354 894 2424 quot
917 2347 1107 2422 elephantos,

126 2441 272 2510 quantum
286 2433 426 2495 frumenti
440 2449 478 2496 eo
501 2433 703 2510 quadriennio
724 2438 812 2508 pater
828 2446 906 2492 suus
920 2432 951 2491 ιιι
963 2429 1107 2491 Macedo·

125 2516 206 2578 niam
219 2517 370 2580 misisses
389 2518 447 2581 sed
463 2519 541 2583 duas
555 2532 607 2578 res
621 2518 650 2578 ei
665 2517 770 2578 rubori
785 2516 1009 2590 missenum,
1024 2511 1106 2589 quod

127 2608 269 2675 rogasset
289 2617 359 2663 eum
378 2604 573 2678 perlegales
593 2607 720 2662 senatus
743 2614 822 2676 quae
833 2599 874 2660 ad
893 2597 1006 2660 bellum
1028 2611 1107 2672 opus

127 2690 239 2756 essent,
256 2690 360 2745 elnon
375 2686 566 2761 imperasset,
581 2686 715 2758 alteram,
731 2683 816 2760 quod
830 2682 992 2759 pecuniam
1007 2681 1036 2741 ei
1051 2696 1108 2755 pro

128 2767 278 2827 lrumento
293 2764 437 2827 misisset.
471 2767 667 2829 Masinissam
687 2766 863 2829 meminisse
878 2780 1006 2840 regnum
1020 2780 1038 2824 a
1053 2780 1113 2840 po«

127 2850 198 2926 pulo
213 2847 354 2909 Romano
368 2855 488 2924 partum
502 2856 688 2924 auctumque
702 2857 733 2910 et
745 2847 975 2924 multiplicatum
985 2847 1108 2921 habere,

125 2949 186 2993 usu
206 2931 293 3006 regni
317 2937 491 2993 contentum
513 2932 594 2992 scire
619 2930 786 2993 domimum
808 2939 839 2992 et
858 2931 906 2991 ius
928 2946 1034 2992 eorum
1056 2929 1108 3006 qui

126 3014 267 3078 dederint
278 3029 359 3075 esse.
394 3029 517 3076 sumere
531 3015 634 3090 itaque
648 3014 785 3086 eosdem,
804 3029 867 3074 non
881 3029 917 3073 se
934 3029 1044 3089 rogare
1058 3029 1109 3073 ae·

128 3116 221 3176 quum
236 3113 324 3173 esse·
340 3104 443 3174 neque
463 3113 566 3159 emere
583 3112 621 3158 ee
634 3113 676 3158 ex
689 3097 837 3159 fructibus
852 3096 917 3172 agri
930 3098 969 3158 ab
985 3113 1020 3159 se
1035 3097 1107 3168 dati,

127 3199 207 3260 quae
219 3182 260 3243 ibi
272 3182 463 3258 proveniant.
485 3182 517 3243 id
527 3180 712 3243 Masinissae
723 3180 798 3242 satis
811 3196 882 3242 esse
894 3188 926 3242 et
935 3182 1010 3255 lore
1024 3179 1107 3256 quod

127 3268 242 3343 populo
268 3267 408 3327 Romano
433 3271 623 3342 superesset.
657 3280 727 3326 oum
746 3263 785 3327 iis
806 3265 956 3326 mandatis
983 3270 1108 3340 epatre

127 3352 299 3427 proiectum
313 3356 424 3426 postea
442 3355 626 3412 consecutos
642 3349 778 3425 equites,
800 3348 853 3425 qui
875 3348 1025 3408 devictam
1044 3343 1107 3402 Ma·

127 3434 287 3495 cedoniam
308 3435 496 3508 nuntiarent,
517 3434 762 3509 gratulatumque
777 3431 896 3493 senatui
909 3424 1072 3489 iuberent
1063 3442 1108 3485 tn·

127 3516 231 3578 dicare
245 3524 348 3578 tantae
362 3534 431 3578 eam
444 3533 508 3578 rem
523 3517 653 3579 laetitiae
667 3515 745 3593 patri
760 3532 819 3578 suo
833 3527 914 3586 esse,
935 3516 968 3570 ιιι
980 3510 1109 3571 Romam
