2642 4017
304 235 421 297 LlBTR
433 234 566 297 xxxix.
590 235 965 312 cneocaesarea]
1090 241 1132 308 bl

151 395 243 450 tatem
258 387 364 463 populi
378 384 507 447 Romani
523 385 723 462 castigarunt,
740 386 824 463 quod
845 402 901 448 eos
923 388 1063 453 homiues
1078 392 1132 469 qui

151 472 250 549 gentis
265 470 383 531 iniussu
398 471 527 546 proiecti
542 483 696 545 occupare
710 484 815 545 agrum
830 471 949 547 imperii
958 474 1088 536 Romani
1102 482 1133 537 et

151 557 182 616 in
195 555 294 616 alieno
309 556 379 615 solo
394 552 560 614 aedificare
582 552 731 630 oppidum
751 554 854 615 conati
874 555 950 629 sint,
966 557 1131 633 impunitos

151 638 335 699 dimiserint=
351 637 497 698 debuisse
511 652 636 712 gravem
650 636 828 702 murenulis
842 640 1015 701 mercedem
1031 642 1132 702 statui.

152 722 238 799 quod
256 737 332 784 vero
347 720 438 783 etiam
453 721 511 781 sua
530 720 736 797 reddiderint,
756 723 856 783 vereri
877 739 915 784 ne
935 731 1019 785 tanta
1032 725 1131 786 indul·

150 805 252 881 sentia
276 806 381 883 plures
407 804 447 864 ad
466 805 540 865 talia
557 804 702 865 audenda
720 805 921 883 impellantur.
949 814 980 868 et
999 823 1130 885 excepe-

150 896 221 950 runt
234 897 265 950 et
278 888 433 966 prosecuti
448 903 516 948 cum
531 888 621 949 donis
635 889 755 964 legatos
769 896 849 952 sunt.

234 973 275 1034 M.
292 972 436 1035 claudius
457 973 567 1034 consul
588 972 683 1033 Gallis
703 987 744 1033 ex
766 973 924 1050 provincia
943 975 1060 1035 exactis
1079 974 1131 1036 Hi·

152 1057 278 1118 atricum
299 1055 413 1116 bellum
433 1055 534 1116 moliri
554 1055 657 1132 coepit
677 1055 783 1118 litteris
802 1057 843 1118 ad
860 1065 999 1119 senatum
1016 1059 1130 1134 missis,

150 1148 185 1201 ut
198 1140 256 1202 sibi
270 1141 301 1200 in
313 1138 457 1201 Histriam
476 1139 638 1200 traducere
658 1139 797 1215 legiones
817 1141 930 1202 liceret
958 1141 991 1203 id
1011 1143 1131 1203 senatui

150 1225 275 1301 placuit.
303 1223 377 1284 illud
393 1222 560 1299 agitabant,
575 1223 617 1283 uti
632 1225 754 1284 colonia
763 1224 907 1301 Aquileia
918 1225 1129 1301 deduceretur,

149 1324 208 1369 nec
223 1308 298 1369 satis
313 1306 490 1380 constabat,
503 1312 604 1368 uuum
624 1306 762 1368 Latinam
783 1324 820 1368 an
844 1308 955 1369 civium
974 1309 1129 1371 Romano·

148 1409 218 1454 rum
232 1392 343 1453 deduci
357 1393 501 1469 placeret.
529 1397 688 1466 postremo
703 1391 839 1453 Latinam
862 1393 963 1469 potius
979 1392 1130 1452 coloniam

150 1475 364 1538 deducendam
385 1482 489 1552 patres
510 1483 705 1536 censuerunt
732 1474 879 1536 triumviri
901 1475 994 1535 creati
1012 1481 1084 1535 sunt
1096 1473 1129 1534 P.

151 1559 257 1636 Scipio
270 1558 382 1621 Nasica
397 1558 429 1620 G.
442 1558 608 1620 Flaminius
622 1558 656 1618 L.
671 1558 803 1619 Manlius
816 1557 975 1619 Acidinus.

232 1643 351 1704 Eodem
364 1658 445 1705 anno
459 1642 575 1704 Mutina
595 1649 626 1703 et
644 1641 753 1726 Parma
773 1641 912 1702 coloniae
923 1640 1130 1702 Romanorum

151 1726 263 1787 civium
283 1732 355 1787 sunt
374 1725 535 1787 deductae.
568 1725 642 1785 bina
661 1724 744 1784 milia
763 1724 919 1785 hominurn
940 1724 971 1785 in
986 1740 1061 1800 agro
1077 1724 1128 1801 qui

150 1809 291 1885 proxime
304 1809 466 1885 Boiorum,
481 1816 552 1870 ante
567 1808 738 1870 Tuscorum
759 1808 872 1883 iuerat,
893 1814 1004 1870 octona
1025 1808 1131 1884 iugera

149 1893 292 1967 Parmae,
308 1891 400 1967 quina
409 1892 544 1953 Mutinae
555 1899 750 1969 acceperunt.
779 1892 972 1953 deduxerunt
983 1891 1131 1951 triumviri

149 1976 190 2037 bl.
205 1976 354 2037 Aemilius
367 1975 502 2051 Lepidus
520 1976 553 2035 T.
568 1975 719 2037 Aebutius
740 1975 834 2037 Carus
848 1975 882 2035 L.
897 1973 1053 2048 Quinctius
1069 1974 1131 2035 cri·

150 2059 270 2141 spinos.
297 2067 329 2120 et
342 2058 484 2121 Saturnia
498 2059 620 2120 colonia
631 2059 743 2119 civium
757 2060 965 2121 Romanorum
979 2058 1009 2118 in
1023 2074 1131 2133 agrurn

151 2143 342 2205 Caletranum
357 2149 405 2204 est
421 2142 561 2204 deducta.
595 2143 789 2205 deduxerunt
807 2142 954 2204 triumviri
969 2143 1002 2218 Q.
1016 2141 1130 2204 Fabius

149 2227 253 2289 Labeo
275 2226 307 2288 C.
325 2225 472 2288 Afranius
493 2225 598 2288 Stellio
618 2227 662 2287 Ti.
686 2226 886 2304 Sempronius
905 2225 1071 2288 Gracchus.
1099 2225 1129 2286 in

150 2312 289 2386 singulos
303 2312 411 2387 iugera
425 2310 496 2370 dala
515 2310 631 2370 decem.

232 2395 310 2455 LVI.
331 2393 449 2455 Eodem
467 2409 548 2455 anno
563 2394 600 2452 A.
611 2392 769 2454 Terentius
782 2392 948 2470 proconsul
961 2392 1044 2452 haud
1059 2407 1131 2467 pro·

149 2480 199 2539 cul
212 2476 339 2539 flumine
353 2476 483 2551 Hibero,
498 2476 529 2537 in
544 2491 619 2552 agro
633 2478 807 2551 Ausetano,
823 2484 853 2537 et
865 2475 982 2553 proelia
992 2474 1130 2537 secunda

148 2578 220 2623 cum
235 2561 392 2624 Celtiberis
418 2561 502 2633 iecit,
528 2566 558 2620 et
583 2560 700 2635 oppida
724 2576 804 2635 quae
829 2559 870 2620 ibi
892 2560 1130 2622 communierant

147 2646 267 2721 aliquot
282 2645 480 2721 expugnavit.
513 2644 640 2705 ulterior
659 2642 811 2719 Hispania
831 2659 869 2705 eo
892 2659 972 2704 anno
999 2644 1029 2704 in
1052 2657 1130 2720 pace

148 2730 217 2803 luit,
233 2729 305 2805 quia
319 2736 349 2789 et
367 2728 400 2787 P.
419 2726 621 2804 Sempronius
640 2730 810 2803 proconsul
829 2727 945 2788 diutino
959 2727 1067 2789 morbo
1083 2733 1131 2787 est

148 2813 330 2888 implicitus,
351 2819 382 2871 et
400 2811 484 2871 nullo
505 2812 677 2871 lacessente
698 2818 928 2887 peropportune
949 2811 1131 2885 quieverunt

146 2895 293 2958 Lusitani.
321 2910 380 2956 nec
405 2895 436 2953 in
459 2893 618 2969 Liguribus
643 2893 841 2954 memorabile
868 2894 1030 2967 quicquam
1054 2910 1073 2953 a
1095 2891 1129 2966 Q.

145 2980 242 3043 Fabio
257 2980 385 3042 consule
399 2984 529 3053 gestum.

230 3065 279 3124 Ex
293 3061 408 3124 Histria
420 3062 462 3122 lta
475 3060 638 3121 Marcellus
661 3069 827 3123 revocatus
848 3061 985 3123 exercitu
999 3060 1128 3121 dimisso

146 3150 276 3208 Romam
296 3145 487 3208 comitiorum
507 3160 603 3204 causa
620 3144 721 3204 rediit.
765 3145 881 3206 creavit
908 3147 1053 3206 consules
1074 3144 1128 3204 cn.

145 3231 293 3292 Baebium
304 3229 495 3306 Tamphilum
505 3235 537 3289 et
545 3228 580 3288 L.
590 3227 754 3289 Aemilium
765 3228 901 3290 Paulum.
931 3244 1000 3290 cum
1013 3226 1054 3288 Μ.
1066 3227 1128 3287 Ae·

146 3314 229 3375 milio
245 3313 364 3390 Lepido
390 3313 441 3373 hic
464 3310 573 3372 aedilis
599 3311 714 3373 curulis
739 3314 854 3383 tuerat;
880 3329 899 3372 a
921 3328 983 3389 quo
998 3311 1127 3371 consule

116 3439 127 3451 κ
147 3397 270 3473 quintus
287 3413 386 3458 annus
407 3404 487 3470 erat,
511 3394 626 3457 cumis
645 3395 715 3472 ipse
734 3396 870 3473 Lepidus
891 3402 965 3472 post
984 3394 1063 3453 duas
1078 3405 1125 3449 re·

147 3483 253 3557 pulsas
269 3482 379 3541 consul
393 3480 492 3541 tactus
512 3486 604 3541 esset
631 3486 791 3555 praetores
812 3479 885 3539 inde
900 3478 979 3596 ¹tacti
999 3474 1033 3547 Q.
1054 3472 1121 3533 liul-
