2642 4017
242 225 283 290 26
381 219 496 281 LIBER
510 218 641 279 XXXIX·
662 219 745 278 CAP.
759 227 804 280 Ἠ.
816 228 859 281 29.
883 228 919 293 [a.
932 226 967 278 U.
979 244 1003 279 c.
1015 228 1078 289 ool]

241 372 345 452 quenti
366 372 486 435 consuli
504 372 538 432 L.
560 370 711 447 Scipioni,
736 386 805 431 oum
829 379 910 432 terra
930 370 1090 433 statuisset
1110 373 1226 435 ducere

239 460 407 522 exercitum
426 457 467 517 ad
480 457 728 531 Hellespontum,
749 471 810 515 non
826 454 882 515 iter
895 461 1011 517 tantum
1024 471 1082 531 per
1095 472 1226 533 regnum
1308 485 1309 516 r

239 549 377 606 nostrum
398 540 485 614 dedi,
507 539 564 601 sed
577 539 644 598 vias
659 538 751 600 etiarn
764 538 894 611 munivi,
915 546 1028 614 pontes
1043 540 1118 614 leci,
1141 557 1239 603 com--

238 632 358 688 meatus
379 623 523 700 praeben
551 638 609 683 nec
631 637 687 697 per
705 621 918 682 Macedoniam
937 628 1069 698 tanturn,
1090 624 1148 684 sed
1170 640 1227 702 per

239 710 398 772 Thraciam
419 706 524 779 etiam,
546 706 599 767 ubi
613 706 693 765 inter
707 711 809 765 cetera
822 721 885 779 pax
899 722 1024 782 quoque
1037 710 1229 783 praestanda

240 813 259 856 a
272 792 412 855 barbaris
432 795 505 851 erat.
534 805 590 864 pro
612 788 673 850 hoc
688 788 789 851 studio
804 803 873 849 meo
888 804 963 864 erga
974 806 1048 864 vos,
1070 805 1110 850 ne
1124 790 1226 851 dicam

239 878 356 950 merito,
371 882 471 937 uuum
484 872 607 933 adicere
620 890 694 945 vos,
709 870 848 945 Romani,
863 872 979 949 aliquid
993 879 1025 934 et
1037 875 1228 948 amplificare

239 970 271 1023 et
285 974 398 1035 augere
411 973 540 1033 regnum
553 972 655 1017 meum
667 955 874 1016 munificentia
885 963 988 1017 vestra
999 957 1171 1033 oportebat,
1186 975 1226 1019 an

241 1060 321 1121 quae
340 1042 484 1102 haberem
505 1048 557 1101 aut
569 1056 638 1101 meo
653 1040 719 1099 iure
733 1046 786 1101 aut
798 1040 949 1100 beneficio
963 1049 1069 1101 vestro
1083 1041 1227 1116 eriperer

239 1128 273 1189 id
294 1126 378 1204 quod
399 1140 481 1185 nunc
501 1124 610 1186 facitis.
638 1124 841 1184 Macedonum
862 1123 1017 1199 civitates,
1039 1140 1116 1199 quas
1138 1126 1227 1201 regni

239 1212 300 1272 mei
314 1210 411 1271 luisse
426 1208 568 1284 fatemini,
582 1224 645 1268 non
659 1206 868 1269 restituuntur.
892 1207 1056 1282 Eumenes,
1069 1214 1226 1284 tamquam

240 1296 281 1356 ad
294 1292 494 1364 Antiochum,
516 1292 557 1352 ad
571 1291 764 1368 spoliandum
778 1306 828 1351 me
842 1291 939 1362 venit,
956 1298 986 1351 et
1000 1292 1027 1352 si
1042 1292 1100 1352 diis
1114 1293 1227 1368 placet,

241 1380 349 1440 decem
373 1379 541 1452 legatorum
567 1376 722 1436 decretum
748 1375 916 1435 calumniae
940 1375 1227 1450 impudentissimae

240 1462 428 1540 praetendit;
449 1477 510 1536 quo
525 1459 655 1519 maxime
667 1466 697 1519 et
706 1458 803 1519 refelli
815 1465 846 1520 et
857 1460 980 1533 coargui
993 1464 1104 1534 potest.
1126 1459 1226 1520 diser-

239 1547 357 1607 tissime
377 1543 458 1606 eninr
474 1541 716 1619 planissimeque
729 1542 760 1601 in
776 1557 814 1603 eo
830 1543 977 1618 scriptum
991 1549 1040 1604 est
1054 1541 1226 1604 Chersone·

240 1646 309 1690 sum
328 1635 358 1688 et
370 1626 594 1707 Lysimachiam
607 1625 735 1686 Eumeni
755 1625 830 1686 dari.
862 1626 913 1686 ubi
933 1627 1057 1687 tandem
1070 1627 1180 1688 Aenus
1195 1633 1227 1689 et

189 1733 194 1742 ·
239 1712 385 1773 Maronea
403 1719 433 1771 el
446 1709 593 1771 Thraciae
614 1708 753 1770 civitates
774 1709 948 1786 adscriptae
968 1717 1060 1771 sunt?
1086 1711 1171 1786 quod
1185 1710 1225 1771 ab

239 1796 298 1856 illis
319 1810 359 1855 ne
379 1795 537 1870 postulare
558 1794 682 1869 quidem
701 1798 750 1854 est
770 1810 879 1868 ausus,
902 1794 932 1854 id
953 1796 1036 1869 apud
1056 1810 1130 1868 vos,
1149 1802 1225 1854 tam·

243 1896 334 1955 quam
347 1877 385 1939 ab
400 1878 460 1938 illis
474 1877 697 1953 impetraverit,
718 1877 886 1938 obtinebit?
909 1894 971 1952 quo
986 1876 1017 1938 in
1033 1892 1160 1938 numero
1176 1895 1225 1939 me

242 1964 323 2038 apud
337 1977 395 2022 vos
410 1960 604 2030 asserentis,
620 1960 722 2019 refert.
745 1960 772 2020 si
786 1966 941 2037 tamquam
956 1961 1111 2022 inimicum
1126 1969 1156 2022 et
1169 1962 1225 2022 ho·

241 2054 317 2107 stem
331 2044 474 2104 insectari
490 2042 683 2117 propositum
697 2048 753 2116 est,
769 2044 887 2121 pergite
900 2050 934 2105 ut
948 2045 1095 2119 coepistis
1106 2045 1224 2106 laceres

242 2130 290 2187 sin
301 2126 411 2203 aliquis
422 2131 584 2201 respectus
596 2131 645 2185 est
653 2125 713 2184 mei
724 2134 757 2187 ut
768 2128 845 2188 socii
858 2135 951 2203 atque
962 2127 1051 2189 amici
1062 2130 1155 2203 regis,
1171 2129 1224 2189 de-

241 2225 359 2287 precor,
372 2224 411 2269 nc
421 2224 470 2269 me
481 2215 564 2270 tanta
575 2206 685 2269 iniuria
693 2209 817 2284 dignum
828 2210 1000 2273 iudicetis.“
1013 2211 1118 2272 xxix.
1130 2213 1226 2273 movit

240 2295 426 2371 aliquantum
447 2294 543 2354 oratio
564 2290 647 2368 regis
668 2293 795 2368 legatos.
829 2296 932 2371 itaque
951 2295 1054 2356 medio
1067 2311 1224 2372 responso

240 2396 304 2440 rem
326 2378 564 2454 suspenderunt.
600 2377 627 2438 si
642 2377 750 2438 decem
770 2379 939 2454 legatorum
957 2378 1081 2441 decreto
1095 2380 1225 2441 Eumeni

242 2465 329 2524 datae
350 2460 487 2523 civitates
507 2476 564 2521 eae
583 2468 703 2535 essent,
725 2459 798 2521 nihil
820 2477 856 2522 se
870 2470 1002 2523 mutares
1024 2464 1051 2524 si
1064 2462 1224 2539 Philippus

240 2546 320 2607 bello
344 2545 481 2619 cepisset
494 2559 563 2618 eas,
586 2543 755 2619 praemium
769 2545 915 2606 victoriae
935 2546 1000 2607 iare
1020 2546 1092 2606 belli
1105 2545 1224 2608 habitu-

239 2644 322 2689 rum:
345 2628 372 2688 si
387 2635 527 2688 neutrum
541 2643 647 2689 eorum
661 2630 755 2704 loret,
776 2627 981 2704 cognitionem
995 2631 1120 2705 placere
1134 2646 1223 2691 sena·

241 2712 283 2772 tui
304 2711 472 2785 reservari,
494 2720 525 2773 et
538 2717 572 2772 ut
585 2712 687 2772 omnia
701 2712 731 2772 in
746 2712 864 2789 integro
881 2720 1053 2788 manerent,
1068 2714 1222 2790 praesidia

240 2810 321 2870 quae
335 2794 367 2856 in
381 2794 420 2856 iis
435 2794 562 2856 urbibus
578 2795 640 2857 sint
653 2796 774 2856 deduci.

322 2879 388 2938 Hae
403 2894 517 2939 causae
531 2879 662 2938 maxime
677 2879 810 2939 animum
821 2878 953 2955 Philippi
965 2879 1176 2942 alienaverunt
1185 2878 1224 2940 ab

239 2961 401 3037 Romanis,
421 2968 455 3023 ut
473 2978 536 3022 non
550 2978 569 3021 a
581 2961 696 3023 Perseo
716 2962 779 3023 lilio
794 2962 861 3023 eius
876 2963 966 3023 novis
981 2963 1084 3024 causis
1098 2970 1224 3037 motum,

240 3045 297 3104 sed
311 3045 351 3105 ob
365 3045 423 3105 has
438 3062 457 3104 a
471 3053 557 3119 patre
571 3045 684 3105 bellum
697 3046 836 3107 relictum
846 3046 909 3108 lilio
921 3046 1021 3108 videri
1031 3045 1141 3123 poscat
1162 3047 1225 3108 Ro·

239 3143 309 3194 mae
323 3130 406 3189 nulla
418 3128 491 3188 belli
504 3127 696 3189 Macedonici
711 3128 848 3205 suspicio
858 3138 938 3191 erat.
960 3130 994 3191 L.
1003 3130 1138 3191 Manlius
1152 3145 1223 3207 pro

240 3213 349 3272 consul
370 3227 410 3271 cx
422 3211 572 3287 Hispania
592 3212 741 3282 redierat,
764 3212 813 3273 cui
835 3214 1002 3288 postulanti
1017 3215 1056 3275 ab
1071 3220 1180 3275 senatu
1193 3213 1224 3274 in
1308 3203 1309 3234 ³

241 3296 320 3355 aede
329 3295 475 3356 Bellonae
489 3295 675 3369 triumphum
689 3310 791 3356 rerum
806 3304 962 3371 gestarum
977 3296 1155 3374 magnitudo
1170 3297 1224 3357 im·

240 3379 419 3455 petrabilem
433 3378 571 3453 iaciebat,
587 3381 762 3455 exemplum
778 3380 928 3455 obstabat,
947 3382 1032 3458 quod
1045 3380 1088 3442 ita
1101 3397 1224 3459 compa·

241 3472 340 3528 ratum
353 3478 438 3526 more
453 3462 602 3525 maiorum
616 3472 690 3540 erat,
706 3480 745 3524 ne
760 3462 830 3540 quis
846 3465 898 3541 qui
913 3466 1079 3526 exercitum
1094 3481 1157 3527 non
1172 3465 1222 3526 de·
