2642 4017
269 295 381 358 llBER
394 296 455 356 XL.
477 295 560 357 CAP.
575 303 675 359 soal.
697 302 854 371 [sulec]
1009 297 1051 363 85
1088 320 1091 329 ’

89 449 156 519 tum,
178 452 209 506 ut
227 446 352 510 dimisso
372 442 471 523 'quem
495 445 643 508 haberent
667 448 805 510 exercitu
829 457 1053 514 reverterentur

87 527 210 588 Romam.
232 530 270 591 de
280 530 322 590 rt.
336 529 510 606 Sempronii
524 531 637 591 deinde
651 533 788 593 exercitu
803 538 904 594 actum
917 542 975 595 est.
997 552 1052 597 no·

87 626 147 671 vam
164 613 312 688 legionem
332 614 361 674 ei
377 615 514 690 quiaque
527 614 640 675 milium
655 621 686 677 et
701 615 901 679 ducentorum
916 619 1053 694 peditum

86 709 145 754 cum
165 698 314 773 equitibus
337 697 568 774 quadringentis
588 699 734 760 consules
758 700 895 761 scribere
909 701 1001 776 iussi,
1024 708 1054 763 et

85 777 155 839 mille
168 790 324 856 praeterea
339 781 475 857 peditum
491 783 715 860 Romanorum,
730 784 953 861 quinquaginta
967 786 1053 862 equi·

84 868 139 936 tes,
161 872 191 925 et
203 866 297 926 sociis
315 865 448 926 nominis
460 866 560 928 Latini
573 867 725 943 imperare
739 874 857 944 septem
872 868 955 929 milia
968 870 1054 946 pedi·

84 952 153 1022 tum,
173 955 326 1010 trecentos
345 949 475 1026 equites.
511 966 581 1012 cum
600 949 661 1011 hoc
682 953 818 1012 exercitu
837 953 951 1029 placuit
964 953 1009 1014 ire
1022 953 1053 1014 in

83 1028 249 1110 Hispaniam
263 1033 432 1097 citeriorem
446 1034 490 1094 lt.
508 1033 732 1111 Sempronium.
754 1034 788 1109 Q.
803 1035 910 1098 Fulvio
925 1039 1053 1112 permis·

84 1128 143 1176 sum
161 1126 194 1180 ut
213 1121 266 1197 qui
286 1120 396 1180 milites
410 1124 482 1180 ante
496 1118 551 1196 sp.
565 1118 753 1180 Postumium
768 1119 802 1194 Q.
816 1120 965 1182 Marcium
979 1137 1052 1182 con·

83 1200 158 1261 sules
177 1203 261 1264 cives
273 1204 404 1264 Romani
417 1202 535 1264 sociive
554 1202 585 1262 ia
598 1203 779 1279 Hispaniam
793 1203 991 1280 transportati
1005 1220 1053 1265 es·

82 1293 150 1359 sent,
165 1294 194 1347 et
206 1293 370 1363 praeterea
383 1289 597 1363 supplemento
609 1287 743 1348 adducto
759 1304 821 1362 quo
836 1289 967 1364 amplius
980 1288 1055 1348 dua·

81 1365 132 1428 bus
144 1371 316 1445 legionibus
332 1386 424 1447 quam
438 1370 546 1432 decem
559 1369 643 1432 milia
656 1378 687 1431 et
698 1371 913 1446 quadringenti
923 1370 1051 1446 pedites

80 1454 208 1515 sexcenti
222 1455 344 1530 equites
358 1461 480 1530 essent,
501 1462 532 1516 et
544 1455 664 1516 socium
677 1452 776 1515 Latini
790 1453 924 1515 nominis
938 1454 1053 1515 duode-

80 1535 132 1595 am
150 1537 245 1613 milia,
270 1538 409 1598 sexcenti
429 1538 565 1620 equites,
587 1553 719 1616 quorum
734 1536 805 1598 lorti
820 1552 917 1612 opera
931 1536 1054 1598 duobus

50 1668 53 1673 .
79 1619 220 1681 adversus
243 1620 414 1682 celtiberos
438 1622 565 1697 proeliis
584 1637 661 1684 usus
678 1620 711 1695 Q.
726 1619 853 1682 lirrlvius
867 1628 965 1694 esset,
988 1636 1055 1696 eos,

79 1702 102 1760 si
115 1703 285 1779 videretur,
307 1718 413 1766 secam
433 1705 620 1781 deportaret
649 1709 680 1764 et
693 1704 935 1782 supplicationes
950 1706 1055 1766 decre·

77 1791 134 1859 tae,
159 1789 243 1865 quod
259 1789 286 1848 is
300 1801 453 1865 prospere
471 1804 537 1849 rem
557 1789 712 1864 publicam
726 1787 886 1863 gessisset
918 1795 948 1850 et
961 1788 1055 1850 ceteri

78 1878 228 1942 praetores
244 1872 277 1932 ia
291 1872 467 1947 provincias
481 1872 577 1934 missi.
606 1871 893 1947 eliminantem
908 1888 1058 1949 proroga·

78 1954 173 2015 lumin
189 1955 289 2017 Gallia
300 1956 461 2032 imperium
475 1963 533 2017 est
563 1962 634 2017 octo
647 1955 787 2032 legiones
802 1962 925 2032 praeter
938 1956 1055 2016 exerci-

77 2041 293 2114 iamveterem,
309 2040 362 2116 qui
378 2040 409 2099 in
420 2039 581 2115 Liguribus
595 2039 626 2100 in
642 2055 700 2116 spe
711 2040 887 2118 propinqua
897 2038 1055 2101 missionis

77 2127 144 2194 erat,
160 2139 197 2185 eo
212 2139 296 2185 anno
312 2139 384 2184 esse
398 2122 522 2198 placuit.
555 2129 587 2184 et
598 2122 627 2185 is
641 2124 711 2199 ipse
725 2125 879 2185 exercitus
894 2138 988 2199 aegre
1001 2137 1055 2182 ex·

75 2204 209 2278 plebatur
230 2214 361 2283 propter
379 2207 598 2284 pestilentiam,
620 2223 700 2283 quae
720 2208 780 2268 iam
800 2207 921 2268 tertium
942 2221 1055 2266 annum

76 2288 176 2350 urbem
190 2292 363 2352 Romanam
376 2298 470 2366 atque
484 2290 600 2352 ltaliam
613 2291 764 2353 vastabat.
794 2290 943 2351 XXXVII.
966 2305 1055 2366 prae·

74 2376 119 2431 tor
130 2373 172 2433 Ti.
186 2373 353 2449 Minucius,
368 2380 399 2434 et
412 2373 495 2434 haud
510 2374 550 2436 ita
563 2377 657 2437 multo
673 2381 745 2451 post
758 2376 868 2438 consul
883 2375 914 2436 c.
931 2373 1055 2449 calpur-

75 2455 139 2516 nius
152 2459 292 2532 moritur,
307 2457 454 2533 multique
469 2457 519 2517 alii
534 2462 667 2520 omnium
683 2459 823 2521 ordinum
838 2458 973 2519 illustres
987 2455 1054 2517 viri.

74 2547 227 2614 postremo
252 2541 384 2617 prodigii
404 2543 473 2602 loco
495 2555 533 2601 ea
551 2542 656 2605 clades
678 2541 783 2604 haberi
804 2548 916 2618 coepta
935 2548 992 2602 est.
1022 2539 1055 2601 c.

74 2619 218 2687 Servilius
233 2626 374 2701 pontilex
389 2623 539 2686 maximus
555 2626 677 2701 piacula
690 2627 754 2686 irae
765 2626 856 2688 deum
872 2625 1056 2702 conquirere

74 2704 183 2784 iussus,
199 2707 367 2770 decemviri
380 2709 476 2769 libros
491 2708 654 2785 inspicere,
670 2710 779 2770 consul
788 2710 925 2786 Apollini
936 2714 1054 2769 Aescu·

73 2788 151 2865 lapio
173 2790 274 2853 Saluti
298 2792 381 2854 dona
400 2807 517 2853 vovere
535 2799 567 2853 et
586 2793 661 2853 dare
681 2793 770 2868 signa
789 2793 944 2854 inaurata
973 2806 1055 2868 quae

73 2874 154 2934 vovit
168 2874 327 2950 deditque.
349 2875 514 2936 decemviri
525 2876 781 2952 supplicationem
792 2876 822 2935 ln
833 2876 960 2937 biduum
973 2878 1054 2936 vale

72 2957 182 3019 tudinis
204 2958 346 3020 causalo
365 2959 442 3019 urbe
461 2965 492 3019 et
511 2975 568 3034 per
587 2960 691 3020 omnia
709 2960 777 3019 lora
791 2959 1056 3035 conciliabulaque

72 3041 248 3103 edixeranta
280 3042 412 3103 maiores
439 3042 604 3104 duodecim
629 3041 717 3103 annis
739 3057 846 3104 omnes
868 3043 1006 3105 coronati
1026 3046 1057 3104 e't

71 3122 206 3186 lauream
227 3126 259 3186 in
278 3141 370 3187 manu
390 3132 530 3187 tenentes
550 3125 811 3202 supplicaverunt
845 3127 962 3189 lraudis
977 3143 1054 3204 quo·

72 3224 131 3281 que
150 3209 306 3270 humanae
327 3209 537 3271 insinuaverat
555 3209 694 3285 suspicio
709 3210 835 3282 ammira
862 3219 893 3272 et
915 3211 1054 3272 veneficii

73 3295 212 3366 quaestio
228 3309 268 3353 ex
283 3301 410 3355 senatus
426 3294 578 3369 consulto,
594 3293 678 3367 quod
691 3294 722 3354 ln
737 3295 813 3356 urbe
824 3296 994 3372 propiusve
1003 3310 1054 3353 ur·

71 3373 139 3435 bem
154 3377 265 3437 decem
280 3375 413 3437 millibus
428 3392 577 3452 passuum
591 3383 677 3438 esset
691 3378 904 3452 commissum,
919 3377 951 3437 c.
967 3377 1054 3436 clau-

72 3456 121 3517 dio
138 3458 284 3535 praetori,
293 3460 353 3536 qui
367 3459 398 3520 in
412 3461 515 3522 locum
528 3459 572 3520 Ti.
583 3460 707 3521 Minucii
721 3467 787 3523 erat
803 3461 960 3531 suffectus,
976 3458 1055 3518 ultra

70 3540 224 3602 decimum
247 3543 381 3618 lapidem
405 3558 462 3619 per
483 3544 552 3604 lora
576 3543 840 3619 conciliabulaque
865 3542 897 3602 (l.
923 3539 1055 3611 Maenio.
