2642 4017
222 244 265 308 34
361 244 476 304 LIBER
488 243 619 303 XXXIX.
642 242 725 302 CAP-
737 251 781 305 36.
791 250 836 307 37.
859 243 895 320 [a.
907 250 943 306 U.
956 267 980 304 c.
991 246 1054 323 568]

220 411 361 473 ponneso
383 391 508 468 luisset,
529 409 566 454 eo
588 393 728 453 nimirum
746 393 827 467 eapti
842 399 873 452 et
886 393 1030 469 oppressi
1048 396 1204 471 coniugis-

220 488 297 541 sent.
321 495 389 539 cum
403 494 461 539 vos
477 478 585 552 procul
600 475 727 549 essetis,
749 494 810 551 quo
825 476 884 537 alio
900 477 958 536 nisi
973 478 1013 538 ad
1026 494 1084 538 nos
1100 480 1205 541 socios
1312 477 1313 492 ¹

220 570 352 635 vestros,
369 577 449 637 quos
465 566 555 620 antea
566 559 678 638 Gythio
698 575 788 634 opem
800 561 942 634 ferentes,
957 577 1037 635 quos
1048 561 1204 624 Lacedae·

219 662 341 708 monem
361 646 522 706 vobiscum
543 643 632 704 simili
654 644 693 702 de
708 657 803 704 causa
823 651 1038 719 oppugnantes
1055 646 1205 723 viderant,

223 732 443 804 confugerent
471 743 527 803 pro
554 725 644 787 vobis
671 726 762 801 igitur
785 726 898 787 iustum
926 727 1071 803 piumque
1091 729 1205 790 bellum

221 813 426 889 suscepimus.
459 811 543 885 quod
558 826 626 870 cum
640 810 691 869 alii
704 810 836 884 laudent,
850 810 1078 885 reprehendere
1092 828 1133 872 ne
1147 814 1205 874 La-

221 894 410 958 cedaemonii
427 894 549 970 quidem
564 893 699 969 possint,
715 893 757 952 dii
770 909 896 968 quoque
909 894 969 970 ipsi
984 897 1206 971 comprobave-

220 981 289 1053 rint,
305 976 358 1054 qui
373 977 462 1039 nobis
477 976 634 1037 victoriam
649 978 807 1051 dederuut,
824 994 957 1052 quonam
968 978 1061 1040 modo
1074 995 1206 1055 eaquae

219 1062 292 1123 belli
312 1060 378 1122 iure
398 1067 466 1121 acta
487 1059 607 1122 suntin
628 1060 880 1135 disceptationem
899 1062 1046 1122 veniunt?
1076 1080 1205 1138 quorum

222 1153 322 1206 umen
349 1146 480 1204 maxima
501 1160 573 1219 pars
596 1143 669 1204 nihil
689 1144 818 1218 pertinet
838 1145 877 1204 ad
897 1161 965 1205 uos.-
998 1153 1136 1206 nostrum
1158 1155 1206 1207 est

221 1230 307 1306 quod
327 1227 524 1289 evocavimus
544 1244 600 1288 eos
621 1228 660 1288 ad
678 1229 802 1287 causam
823 1228 982 1289 dicendam
999 1230 1051 1303 qui
1066 1230 1205 1293 odarum

220 1314 439 1374 multitudinem
453 1312 637 1386 exciverant,
653 1311 706 1386 qui
720 1317 973 1386 expugnaverant
986 1311 1135 1374 maritima
1149 1329 1205 1388 op·

221 1397 309 1472 pida,
335 1396 387 1472 qui
412 1394 614 1471 diripuerant,
637 1394 689 1469 qui
710 1395 836 1455 caedem
857 1395 1028 1470 principum
1053 1398 1203 1457 fecerant.

222 1481 306 1556 quod
320 1495 394 1540 vero
410 1478 451 1539 illi
465 1476 623 1539 venientes
637 1477 668 1537 in
684 1484 785 1539 castra
799 1478 947 1539 interiecti
962 1487 1047 1554 sunt,
1066 1487 1202 1540 vestrum

221 1572 277 1638 est,
291 1564 375 1624 Areu
390 1569 420 1623 et
433 1562 606 1637 Alcibiade,
622 1562 675 1637 qui
689 1577 770 1621 nunc
785 1579 857 1636 nos,
874 1562 900 1622 si
915 1560 973 1622 dlis
989 1565 1097 1638 placet,
1112 1579 1190 1624 accu

220 1647 312 1720 satis,
333 1664 395 1708 non
416 1654 563 1707 nostrum.
597 1647 722 1705 exsules
736 1645 1061 1720 Lacedaemoniorum,
1084 1663 1145 1722 quo
1163 1662 1203 1706 ex

222 1745 346 1791 numero
367 1729 398 1789 hi
419 1745 543 1804 quoque
565 1730 627 1790 duo
645 1730 781 1803 luerunt,
803 1736 833 1789 et
846 1737 918 1790 tunc
932 1729 1091 1790 nobiscum
1107 1737 1203 1804 erant,

127 1843 131 1846 2
220 1818 250 1873 et
265 1814 348 1889 quod
364 1813 516 1874 domicilio
534 1812 592 1873 sibi
607 1812 783 1888 delegerant
796 1813 944 1873 maritima
959 1814 1082 1889 oppida,
1099 1830 1134 1874 se
1149 1830 1203 1889 pe·

221 1896 290 1958 titos
305 1898 475 1971 eredentes,
491 1897 521 1956 in
536 1912 591 1959 eos
608 1913 737 1973 quorum
752 1912 847 1972 opera
862 1898 959 1971 patria
969 1904 1107 1957 extorres
1118 1913 1158 1957 ne
1171 1897 1202 1957 in

219 1988 283 2043 tuto
300 1981 423 2056 quidem
438 1980 546 2041 exsilio
561 1995 659 2056 posse
674 1995 899 2040 consenescere
912 1997 948 2042 se
959 1980 1202 2056 indignabantur,

221 2065 365 2139 impetum
389 2065 535 2124 lecerunt
567 2063 803 2124 Lacedaemonii
822 2064 912 2138 igitur
930 2063 1202 2140 Lacedaemonios

220 2162 282 2206 non
302 2145 420 2205 Achaei
440 2145 672 2215 interfecerunt3
694 2162 753 2206 nec
772 2146 837 2206 iure
856 2164 895 2207 an
911 2148 1021 2208 iniuria
1042 2149 1124 2209 caesi
1141 2147 1203 2208 sint

219 2228 420 2304 argumentari
432 2228 533 2290 relert.
555 2228 703 2289 XXXVII.
719 2236 749 2290 at
760 2229 839 2289 enim
850 2230 901 2290 illa
912 2238 994 2292 certe
1004 2238 1108 2291 vestra
1119 2238 1199 2305 sunt,

219 2313 343 2387 Achaei,
360 2312 444 2389 quod
455 2312 541 2388 leges
553 2311 807 2389 disciplinamque
817 2313 1055 2376 vetustissimam
1066 2312 1202 2394 Lycurgi

218 2396 392 2471 sustulistis,
409 2397 494 2473 quod
508 2412 612 2456 muros
628 2396 773 2459 diruistis.
801 2414 882 2472 quae
894 2405 1024 2474 utraque
1038 2399 1077 2458 ab
1090 2397 1200 2458 iisdem

218 2479 299 2541 obici
322 2481 375 2556 qui
396 2486 543 2554 possunt,
563 2497 632 2540 cum
652 2481 730 2541 muri
743 2481 995 2543 Lacedaemoniis
1010 2498 1072 2542 non
1087 2482 1126 2541 ab
1139 2481 1200 2557 Ly·

220 2578 328 2638 curgo,
352 2563 409 2626 sed
430 2578 547 2637 paucos
568 2570 639 2623 ante
654 2580 753 2625 anuos
769 2566 807 2624 ad
823 2564 1052 2626 dissolvendam
1066 2566 1200 2644 Lycurgi

218 2645 410 2719 disciplinam
424 2645 572 2707 exstructi
585 2647 667 2707 sinti
686 2647 807 2726 tyranni
821 2648 900 2707 enim
914 2665 1014 2725 nuper
1027 2665 1082 2709 eos
1098 2664 1200 2709 arcem

217 2735 248 2789 et
259 2728 476 2788 munimentum
491 2728 558 2804 sibi,
576 2746 638 2790 non
649 2732 762 2793 civitati
774 2742 972 2806 paraveruut;
993 2739 1024 2793 et
1034 2732 1061 2792 si
1071 2732 1201 2793 exsistat

216 2810 309 2873 hodie
324 2813 362 2872 ab
376 2812 481 2873 interis
494 2812 671 2891 Lyeurgus,
686 2815 819 2889 gaudeat
831 2816 928 2876 nulnis
942 2832 1064 2891 eorum,
1073 2822 1104 2875 et
1117 2831 1197 2875 nuno

216 2911 252 2956 se
266 2896 393 2970 patriam
407 2903 437 2956 et
448 2895 588 2970 Spartam
603 2896 758 2973 antiquam
772 2914 941 2973 agnoscere
952 2898 1042 2959 dieat.
1057 2915 1119 2960 non
1129 2898 1198 2957 Phi·

217 2980 429 3054 lopoemenem
445 2985 627 3055 exspectare
641 2997 700 3041 nec
710 2982 862 3057 Achaeos
879 2983 936 3043 sed
949 2999 1007 3044 vos
1019 2983 1088 3059 ipsi,
1103 2982 1198 3041 Lace·

217 3063 378 3136 daemonii,
393 3064 504 3123 vestris
519 3064 659 3125 manibus
675 3064 793 3126 amoliri
804 3075 833 3127 et
847 3066 969 3127 diruere
980 3067 1083 3128 omnia
1093 3072 1199 3144 tyran·

215 3145 296 3205 nidis
311 3147 440 3221 vestigia
455 3146 613 3208 debuistis.
635 3156 757 3209 vestrae
767 3150 847 3209 enim
859 3149 928 3210 illae
939 3151 1093 3211 deformes
1104 3149 1197 3209 veluti

216 3229 372 3289 cicatrices
394 3230 548 3291 servitutis
570 3240 670 3304 erant,
693 3241 812 3293 etcum
834 3233 901 3294 sine
920 3234 1015 3294 muris
1030 3249 1086 3309 per
1102 3232 1197 3294 octin-

214 3321 324 3388 gentos
336 3329 436 3389 prope
447 3330 545 3374 annos
558 3314 652 3389 liberi,
661 3314 825 3389 aliquando
838 3316 927 3377 etiam
939 3317 1196 3393 principesGrae·

215 3397 280 3457 ciae
299 3397 452 3473 fuissetis,
472 3397 567 3459 muris
581 3400 665 3459 velut
679 3400 879 3474 compedibus
895 3400 1089 3463 circumdatis
1103 3398 1197 3460 vincti

212 3496 268 3556 per
284 3489 404 3545 centum
417 3498 516 3544 annos
531 3482 680 3543 servistis.
703 3484 787 3560 quod
801 3486 840 3545 ad
854 3484 938 3559 leges
953 3487 1113 3560 ademptas
1128 3483 1194 3544 atti·
