2642 4017
226 341 268 403 38
369 338 485 397 LIBER
495 335 626 396 xxlllx.
650 335 733 395 CAP.
747 343 791 397 39.
802 343 846 395 40.
868 342 905 408 [a.
918 340 952 395 U.
964 358 987 391 c.
998 341 1063 406 568]

166 530 168 532 >
226 491 311 552 haud
321 488 433 550 dubius
445 495 568 562 praetor
579 492 671 559 esset,
679 485 707 545 sl
718 487 827 545 consul
837 500 979 561 accipere
989 488 1210 549 nomenvellet.

225 576 335 648 ingens
357 579 511 632 aeramen
525 569 654 631 tribunis
670 575 701 629 et
713 569 791 629 inter
804 584 840 629 se
854 568 943 644 ipsos
957 577 1067 631 etcum
1082 572 1212 631 consule

227 658 297 733 luit,
323 657 423 717 donec
447 661 571 714 senatus
589 669 608 712 a
623 653 750 713 consule
773 658 821 713 est
839 652 962 714 habitus
983 653 1211 728 decretumque,

229 739 373 817 quoniam
393 737 544 815 praetoris
565 736 754 811 subrogandi
770 735 892 797 comitia
906 752 946 796 ne
959 735 1079 811 legibus
1093 737 1211 811 fierent,

227 821 396 901 pertinacia
421 822 454 896 Q.
478 820 581 882 Flacci
605 826 636 880 et
659 835 756 895 prava
779 821 880 882 studia
903 820 1061 881 hominum
1083 819 1212 896 impedi·

227 917 304 981 rent,
319 914 457 966 senatum
471 919 601 965 censere
615 904 691 964 satis
706 911 881 978 praetorum
895 918 984 972 esse;
1004 903 1038 962 Ρ.
1051 902 1212 965 Cornelius

227 989 425 1065 utramquein
434 990 511 1050 urbe
522 987 762 1048 iurisdictionem
771 987 906 1060 haberet,
913 987 1111 1062 Apollinique
1121 989 1212 1049 ludos

228 1076 352 1134 laceret.
678 1095 680 1098 ·
1109 1080 1112 1088 ’

313 1157 375 1215 XL.
394 1155 450 1215 His
466 1154 595 1215 comitiis
606 1153 768 1230 prudentia
778 1152 927 1214 etvirtute
937 1160 1062 1215 senatus
1073 1144 1211 1230 sublatis,

230 1241 289 1301 alia
303 1238 426 1299 maioris
442 1238 623 1310 certaminis,
640 1252 701 1314 quo
717 1244 748 1298 et
756 1237 871 1298 maiore
882 1238 922 1296 de
932 1251 967 1296 re
977 1237 1096 1298 etinter
1107 1239 1212 1313 plures

229 1323 482 1400 potentioresque
495 1322 590 1394 viros,
605 1330 677 1382 sunt
691 1327 807 1380 exorta.
830 1336 991 1381 censuram
1006 1337 1126 1382 summa
1140 1337 1212 1382 con·

228 1406 364 1468 tentione
386 1406 529 1482 petebant
548 1404 582 1463 L.
596 1405 740 1465 Valerius
760 1402 890 1466 Flaccus
904 1403 936 1462 P.
956 1412 987 1465 et
999 1405 1033 1464 L.
1049 1403 1212 1481 Scipiones

230 1491 283 1552 Cn.
296 1490 429 1551 Manlius
443 1488 542 1548 Vulso
554 1487 588 1546 L.
598 1487 708 1549 Furius
723 1487 874 1561 Purpurio
889 1487 1017 1564 patricii,
1033 1490 1144 1564 plebeii
1159 1505 1212 1551 au·

228 1583 290 1635 tem
310 1574 350 1633 M.
366 1572 494 1633 Porcius
515 1571 589 1632 Cato
609 1572 650 1631 M.
664 1571 790 1632 Fulvius
809 1571 947 1632 Nobilior
966 1572 1009 1631 ll.
1028 1581 1059 1633 et
1070 1572 1110 1632 Μ.
1128 1572 1213 1633 Sem-

229 1656 339 1734 pronii,
350 1656 474 1731 Longus
485 1663 515 1716 et
524 1654 700 1716 Tuditanus.
716 1654 774 1715 sed
784 1671 891 1715 omnes
903 1656 1049 1729 patricios
1059 1656 1213 1732 plebeios·

231 1757 292 1818 que
307 1739 565 1801 nobilissimarum
578 1739 757 1799 familiarum
771 1738 812 1798 Μ.
823 1738 951 1800 Porcius
964 1741 1056 1815 longe
1070 1740 1212 1801 anteibat.

230 1826 261 1885 in
276 1825 335 1885 hoc
349 1823 416 1884 viro
433 1821 518 1884 tanta
529 1820 578 1882 vis
593 1821 685 1882 animi
699 1817 875 1898 ingeniique
889 1823 953 1895 luit,
969 1830 1003 1884 ut
1018 1839 1214 1899 quocumque

229 1910 299 1970 loco
320 1913 411 1968 natus
426 1905 524 1980 esset,
544 1907 698 1968 fortunam
711 1904 770 1967 sibi
784 1907 853 1981 ipse
867 1908 1003 1967 lemarus
1018 1907 1115 1968 luisse
1128 1908 1212 1968 vide·

229 2000 322 2054 retur.
347 1993 432 2051 nulla
444 2006 495 2051 ars
510 2005 612 2065 neque
624 1990 762 2066 privatae
776 2005 878 2066 neque
891 1990 1034 2066 publicae
1047 1990 1092 2051 rei
1106 2007 1211 2066 geren·
1235 2046 1238 2051 .

230 2078 290 2136 dae
312 2074 341 2134 ei
361 2074 472 2135 deluit=
493 2073 634 2135 ‘urbanas
655 2074 851 2149 rusticasque
869 2090 921 2135 res
941 2075 1056 2149 pariter
1077 2075 1212 2136 callebat.

230 2161 270 2219 ad
286 2173 423 2219 summos
436 2155 573 2218 honores
588 2156 666 2218 allos
681 2156 809 2218 scientia
825 2157 915 2231 iuris,
936 2158 1014 2219 alios
1030 2158 1213 2234 eloquentia,

230 2242 308 2303 alios
324 2242 422 2317 gloria
435 2238 572 2301 militaris
585 2239 753 2317 provexitc'
762 2240 832 2302 huic
846 2242 990 2303 versatile
1004 2242 1158 2317 ingenium
1167 2242 1213 2302 sic

197 2381 200 2391 .
229 2328 344 2403 pariter
358 2326 398 2386 ad
412 2326 513 2387 omnia
527 2325 591 2401 luit,
609 2333 643 2387 ut
656 2334 761 2386 natum
774 2326 814 2385 ad
827 2325 860 2385 id
872 2325 966 2386 unum
981 2325 1101 2386 diceres
1116 2324 1213 2401 quod·

231 2426 363 2486 cumque
384 2407 503 2485 ageret=
525 2410 555 2468 in
576 2409 656 2471 bcllo
678 2426 770 2470 manu
790 2409 975 2472 fortissimus
992 2410 1156 2486 multisque
1169 2408 1201 2468 in

231 2496 369 2571 signibus
385 2495 486 2554 clarus
500 2491 628 2569 pugnis,
643 2493 725 2554 idem
739 2500 904 2569 postquam
919 2495 958 2554 ad
972 2510 1102 2570 magnos
1116 2494 1214 2555 hono·

229 2595 282 2638 res
308 2576 454 2652 pervenit,
482 2592 620 2637 suunmus
641 2578 823 2653 imperator,
847 2577 929 2639 idem
952 2576 984 2637 in
1002 2593 1094 2654 pace,
1120 2577 1147 2639 si
1165 2577 1215 2637 ius

232 2662 421 2734 consuleres,
434 2660 647 2735 peritissimus,
655 2661 682 2722 si
694 2677 789 2723 causa
799 2661 917 2723 oranda
927 2669 1020 2736 esset,
1028 2661 1214 2737 eloquentis-

232 2746 337 2818 simus,
353 2759 409 2803 nec
424 2744 451 2803 is
465 2750 581 2804 tantum
596 2744 685 2806 cuius
700 2744 803 2821 lingua
816 2745 887 2806 vivo
903 2761 941 2805 eo
954 2746 1092 2820 viguerit,
1107 2760 1214 2805 monu-

230 2834 364 2887 mentum
384 2826 578 2910 eloquentiae
598 2830 714 2889 nullum
733 2836 848 2891 exstet=
870 2829 944 2889 vivit
964 2830 1057 2891 immo
1071 2830 1214 2905 vigetque

231 2909 406 2986 eloquentia
427 2911 494 2971 eius
512 2918 633 2972 sacrata
646 2911 768 2987 scriptis
782 2910 882 2974 omnis
896 2913 1030 2987 generis.
1060 2913 1214 2974 orationes

232 3003 263 3054 ct
277 3011 335 3070 pro
351 3010 387 3054 se
406 2996 519 3055 multae
541 3002 571 3056 ct
590 3012 648 3070 pro
665 2997 732 3057 aliis
747 3005 777 3058 et
791 2999 821 3057 in
836 2997 930 3059 alios:
951 3013 1022 3057 narn
1037 3013 1098 3057 non
1113 2998 1212 3057 solum

234 3077 409 3138 accusando
431 3078 488 3138 sed
510 3078 601 3139 etiam
622 3095 747 3141 causam
768 3081 898 3142 dicendo
915 3079 1050 3156 fatigavit
1063 3079 1212 3139 inimicos.

231 3161 400 3222 simultates
421 3160 513 3223 nimio
536 3164 640 3237 plures
655 3171 687 3224 et
700 3172 903 3225 exercuerunt
916 3180 986 3225 eum
1000 3164 1112 3238 etipse
1125 3177 1215 3222 excr-

232 3245 294 3306 cuit
314 3260 384 3313 eas;
406 3260 464 3304 nec
485 3246 574 3306 facile
596 3248 726 3322 dixeris,
747 3256 848 3310 ntrtun
866 3248 964 3323 magis
982 3248 1133 3323 presserit
1145 3261 1213 3305 eum

233 3328 384 3401 nobilitaS,
400 3343 438 3387 an
454 3329 505 3388 ille
519 3330 678 3405 agitaverit
690 3327 884 3393 nobilitatem.
918 3331 1020 3406 asperi
1035 3332 1144 3406 procul
1159 3330 1215 3388 du·

231 3409 282 3472 bio
296 3411 388 3473 animi
403 3419 433 3473 et
445 3410 569 3487 linguae
582 3415 713 3475 acerbae
727 3424 757 3476 et
769 3415 931 3477 immodice
944 3415 1060 3475 liberae
1074 3415 1143 3489 luit,
1158 3411 1216 3472 sed

230 3495 334 3558 invicti
348 3512 368 3556 a
382 3491 600 3571 cupiditatibus
620 3497 711 3559 animi
732 3507 762 3559 et
774 3500 892 3573 rigidae
911 3498 1119 3570 innocentiae,
1141 3512 1214 3557 con-

231 3585 362 3655 temptor
383 3580 507 3655 gratiae,
520 3580 703 3643 divitiarum.
723 3583 754 3641 in
764 3581 960 3658 parsimonia,
972 3582 1003 3642 in
1015 3581 1161 3657 patientia
1171 3580 1214 3639 la·
