2642 4017
221 288 338 349 Llsslltt
352 289 426 349 xLl.
450 289 534 350 cni.
550 298 575 350 1.
598 293 946 364 [emanuelis]
1015 289 1075 354 ton
1191 331 1196 342 ι

94 443 153 511 vit;
176 438 208 500 in
222 440 298 501 ioris
318 439 466 516 publicis,
486 439 537 501 ubi
552 438 770 500 lectisternium
783 445 864 514 erat,
885 439 1011 501 deorum
1026 458 1076 503 ca·

91 526 172 603 pita,
198 539 279 599 quae
299 522 330 584 in
351 523 438 584 lectis
459 532 560 598 erant,
585 529 761 584 avertorunt
781 539 832 596 se,
856 524 988 600 lanaque
1008 539 1077 588 curn

90 607 324 685 integumentis,
346 622 427 684 quae
442 607 506 669 lovi
526 606 673 684 opposita
687 607 750 682 luit,
764 607 886 669 occidit
917 608 956 670 de
971 624 1078 671 mensa

91 693 179 754 oleas
203 706 328 768 quoque
349 698 570 768 praegustasse
591 704 694 752 mures
715 691 746 751 in
767 689 940 768 prodigium
953 707 1076 755 versum

90 783 150 838 est.
179 774 220 836 ad
233 790 271 835 ea
286 775 441 852 expianda
459 774 532 836 nihil
547 776 626 836 ultra
641 790 733 850 quarn
748 782 781 838 ut
795 775 859 837 ludi
872 775 1076 838 instauraren-

89 865 326 922 turactumest.
1170 860 1177 873 ‘

421 1257 561 1352 utut
604 1259 742 1355 llll
841 1254 848 1265 ’

372 1409 427 1471 ΑΒ
447 1408 566 1473 URBE
589 1408 794 1474 CONDITA

478 1525 590 1590 unna
609 1525 685 1590 XLI.

108 1746 265 1802 helnonis.
292 1749 362 1815 ignis
380 1750 405 1798 in
424 1750 487 1800 aede
498 1749 593 1800 Vestae
611 1747 751 1798 exstinctus
769 1755 817 1796 est.
853 1747 894 1798 Ti.
907 1745 1074 1817 Sempronius

143 1817 274 1868 Gracchus
292 1818 429 1884 proconsul
442 1817 580 1870 Celtiberos
594 1818 676 1869 victos
687 1816 713 1866 in
728 1815 882 1867 deditionem
893 1819 1000 1886 aooeplt,
1017 1836 1071 1872 mo·

141 1895 343 1950 numentumque
360 1899 464 1953 operum
480 1901 585 1938 suornm
601 1884 765 1937 Gracchnrhn
778 1885 902 1951 oppinum
915 1888 941 1936 in
952 1887 1073 1954 Hispania

142 1956 289 2015 eonstituitr
310 1964 335 2006 et
347 1970 362 2006 a
373 1957 506 2007 Postumio
518 1955 611 2008 Albino
624 1953 778 2022 proconsule
794 1953 901 2006 Vsoesel
915 1969 946 2007 se
957 1956 1071 2008 Lusitani

142 2026 242 2077 subacti
260 2033 327 2075 sunt.
360 2032 465 2090 noerque
480 2025 657 2092 triumpharit.
687 2020 828 2075 Antiochus
850 2022 970 2075 Antiochi
995 2023 1070 2086 num,

140 2095 218 2145 obses
229 2094 350 2144 Romanis
364 2109 380 2144 a
391 2103 464 2160 patre
476 2095 551 2146 datus
562 2101 662 2146 mortuo
674 2095 751 2147 fratre
763 2090 877 2153 Seleuco,
892 2094 936 2156 qui
947 2094 1012 2159 patri
1027 2093 1072 2145 ‹ie-

143 2163 231 2214 lirneto
242 2171 413 2224 successerat,
428 2164 454 2214 in
466 2179 572 2230 regnum
587 2163 674 2231 Syriae
691 2165 722 2214 ab
740 2163 802 2213 urhe
820 2162 957 2222 dimissus,
973 2171 1073 2228 praeter

142 2232 362 2300 religionemque
374 2231 453 2283 multa
466 2233 561 2299 templs
573 2232 710 2300 magnifica
721 2231 808 2283 multis
819 2230 882 2281 loeis
893 2231 982 2291 erexit,
994 2230 1072 2283 lithe-

141 2303 184 2351 nis
197 2301 264 2351 lovls
274 2299 383 2368 Olympii
395 2311 420 2352 et
430 2301 584 2352 Antiocheae
593 2300 739 2368 Capitolini,
750 2300 903 2351 vilissimum
914 2314 1001 2367 regern
1010 2303 1071 2368 egit.

139 2370 250 2420 lustrum
262 2384 278 2420 a
289 2371 437 2422 censoribus
448 2371 577 2422 eonditum
589 2378 642 2422 est:
663 2385 739 2423 eensa
753 2378 812 2421 sont
823 2369 917 2420 elsim
928 2369 1013 2435 capita
1025 2369 1072 2420 tlu-

141 2439 505 2575 liltnnllnulllt
515 2439 927 2576 lillintfflttllln
939 2437 1073 2558 inliti:

141 2577 294 2627 institueret.
324 2579 404 2627 suasit
417 2578 500 2645 legem
512 2577 547 2627 hl.
561 2576 637 2628 ceto:
656 2585 737 2629 enisi
750 2578 831 2628 oratio
848 2577 914 2629 elus.
942 2585 1073 2643 praeterea

140 2660 182 2694 res
194 2653 279 2696 eontra
291 2647 401 2713 Ligures
412 2646 510 2698 Histros
523 2644 617 2697 Serum
627 2655 653 2697 et
662 2646 825 2698 (leitiherosa
836 2646 1011 2713 compluribus
1024 2648 1072 2698 du-

140 2715 213 2764 cibus
231 2729 354 2782 prospere
373 2723 460 2782 gestas
476 2724 502 2766 et
516 2716 588 2775 initia
604 2715 666 2767 helii
681 2716 839 2767 Macedonici
857 2716 983 2778 eontinet,
1003 2717 1072 2780 quod

141 2784 248 2833 Perseus
266 2784 379 2850 Philippi
396 2784 465 2835 llius
481 2783 640 2835 moliebatur.
675 2783 830 2836 miseratori
848 2783 1072 2851 Carthaginienses

140 2849 303 2972 legationlelm,
316 2863 340 2904 et
352 2854 385 2905 ab
396 2855 428 2904 iis
439 2862 513 2904 nocte
526 2855 614 2905 audita
625 2861 687 2904 erat.
710 2854 757 2906 seo
768 2860 793 2902 et
804 2850 868 2902 alias
879 2851 998 2905 Graeciae
1010 2855 1073 2906 civi·

139 2927 205 2971 lates
218 2935 248 2972 so
267 2922 379 2974 ieltabat.
1102 2934 1105 2937 '

171 3034 194 3092 Ι.
215 3033 273 3094 **a
283 3043 370 3111 patre
381 3034 411 3095 in
426 3050 503 3110 paee
514 3035 648 3096 habitam
656 3048 804 3110 armasse,
812 3048 914 3111 eoque
924 3035 1071 3097 iuventuti

84 3116 258 3190 praedandi
278 3118 411 3194 cupidae
432 3126 593 3195 pergratus
614 3133 687 3180 esse
707 3117 874 3180 dicebatur.
907 3120 1070 3182 consilium

84 3199 127 3258 de
140 3199 273 3263 Histrico
294 3202 376 3265 bello
398 3218 467 3264 curn
481 3203 609 3265 haberet
623 3201 748 3277 consul,
768 3201 1002 3279 alligarentur
1017 3220 1070 3264 ex·

83 3285 215 3359 templo,
233 3292 396 3362 antequam
412 3287 592 3349 eonuahere
607 3287 716 3363 copias
730 3287 837 3348 hostes
852 3295 998 3365 possent,
1020 3287 1069 3346 alii

84 3369 310 3430 consulendum
335 3371 422 3446 nnus
443 3377 584 3433 senatum
609 3371 786 3432 censebant
817 3372 890 3432 vicit
910 3367 1069 3441 sententia,

85 3466 166 3524 quae
189 3452 269 3514 diam
284 3468 346 3515 non
367 3454 551 3531 proferebat.
580 3457 737 3533 proiectus
752 3455 791 3515 ab
804 3454 947 3530 Aquileia
962 3450 1069 3511 consul

83 3540 187 3595 eastra
211 3537 250 3597 ad
271 3538 371 3599 lacum
390 3539 504 3600 'limavi
529 3537 649 3614 porcia
676 3538 810 3599 imminet
830 3537 906 3598 mari
927 3536 953 3596 is
974 3534 1070 3596 laetu.
