2642 4017
264 281 328 345 loo
434 280 549 341 LIBER
559 279 647 340 xiil.
668 279 862 391 capsam
883 287 920 355 [ι.
931 286 967 340 υ.
980 252 1007 345 c.
1017 285 1080 360 sar]

260 437 448 498 Boeotorum
468 433 649 508 quibnsdam
666 432 805 508 populis,
820 448 860 493 ex
879 448 941 509 quo
955 432 1159 495 renuntiatum
1172 443 1245 495 erat

261 518 464 596 respondisse
478 519 596 593 legatos
610 517 819 592 appariturum
839 516 952 591 quibus
972 517 1096 594 populls
1111 518 1241 593 proprie

262 603 438 665 societatem
452 617 522 663 cum
534 615 608 675 rege
622 598 705 674 iungi
720 599 937 675 displicuisset.
953 598 959 609 “
967 601 1056 676 primi
1070 616 1090 660 a
1104 600 1240 661 chaero-

261 703 321 747 nea
333 685 442 762 legati,
464 682 732 744 deiudeaThehIs
753 683 784 742 In
805 683 876 759 ipso
897 684 1004 744 itinere
1029 692 1241 760 occurrerunt,

262 770 459 830 adfirmantes
474 782 536 827 non
553 765 730 827 interfuisse
744 780 794 840 se,
817 783 880 841 quo
901 767 1034 828 societas
1055 782 1093 826 ea
1113 766 1243 828 decreta

262 861 361 926 esset,
377 850 523 919 concilim
539 849 608 923 quis
623 849 715 924 legati
729 849 813 910 nullo
834 849 865 910 in
886 850 1062 926 praesentia
1081 865 1241 925 responso

261 936 332 996 dato
348 933 521 995 Chalcidem
535 947 571 992 se
582 932 671 1007 sequi
681 933 847 994 iusserunt.
868 932 979 995 Thebis
990 949 1101 1008 magne
1112 939 1241 994 eonten-

260 1018 303 1079 uo
317 1025 385 1079 orta
398 1023 464 1077 erat
476 1031 517 1076 ex
530 1015 590 1075 allo
608 1015 782 1077 certamine.
812 1015 943 1077 comitiis
957 1015 1120 1092 praetoriis
1134 1015 1240 1078 Boeo-

261 1107 360 1162 torum
373 1100 455 1161 viola
469 1115 543 1176 pars
557 1099 696 1160 iniuriam
711 1114 904 1175 persequens
925 1104 1033 1160 coacta
1046 1099 1240 1161 multitudine

260 1184 415 1246 decretum
429 1182 540 1244 Thebis
555 1182 641 1257 lecit,
656 1199 695 1243 ne
709 1183 919 1244 Boeotarchae
927 1182 1053 1245 urbibus
1063 1183 1239 1259 reciperen·

259 1275 317 1328 tur.
346 1268 471 1328 exsules
484 1267 633 1342 Thespias
647 1265 785 1328 universi
796 1273 1032 1335 concesserunt;
1048 1266 1175 1327 inde-
1188 1281 1238 1326 re

260 1352 341 1428 cepti
355 1351 435 1412 enirn
449 1350 517 1410 sine
531 1349 725 1412 cunctatione
738 1356 824 1410 erant
836 1381 881 1393 —
893 1350 1014 1411 Thebas
1035 1350 1096 1410 iam
1113 1346 1239 1411 muntia

259 1435 370 1496 animis
382 1434 519 1496 revocati
533 1433 689 1495 decretum
703 1433 832 1507 lacIunt,
852 1440 885 1494 ut
906 1433 1085 1508 duodecim,
1107 1433 1158 1509 qui
1174 1433 1239 1509 pri-

259 1521 320 1582 uati
334 1527 455 1581 coetum
469 1526 500 1578 et
513 1517 677 1579 consillum
689 1516 884 1592 habuissent,
905 1514 1015 1577 exsilio
1029 1518 1237 1577 multarentur.

259 1619 361 1664 novus
375 1602 488 1663 deinde
502 1609 681 1678 praetor-
695 1600 842 1661 Ismenias
861 1599 889 1660 ls
904 1607 983 1673 erat,
1005 1601 1054 1659 uIr
1071 1599 1184 1661 nobilis
1199 1616 1238 1660 ac

260 1693 426 1762 potens-
439 1683 580 1761 capitaIIs
594 1699 714 1761 poenae
728 1685 873 1745 absentes
890 1698 946 1743 eos
962 1685 1086 1744 decreto
1101 1683 1236 1755 damnat.

260 1768 434 1830 chalcidem
448 1769 603 1844 fugerant3
624 1768 697 1828 inde
716 1767 757 1828 ad
775 1769 932 1829 Romanos
953 1766 1091 1827 Larisam
1106 1768 1236 1842 protecti

260 1867 386 1912 causam
401 1867 469 1913 cum
483 1851 596 1913 Perseo
618 1850 775 1912 socletatis
796 1852 827 1912 in
849 1849 1013 1911 Ismeniam
1028 1850 1235 1912 contulerant=
1316 1898 1317 1917 .

259 1950 299 1996 ex
314 1936 507 1997 contentione
522 1943 620 1996 ortum
640 1941 803 1995 certamen.
831 1936 993 2010 utriusque
1011 1942 1112 1996 tamen
1138 1933 1236 2010 partis
1316 1994 1317 2001 ,

258 2020 403 2095 legafiad
416 2021 574 2081 Romanos
594 2025 757 2093 venerunt,
779 2025 809 2078 et
828 2020 953 2080 exsudes
974 2023 1235 2093 accusatoresque

257 2101 599 2165 Ismeniaeetismcnias
610 2102 688 2178 ipse.
702 2102 805 2163 XLIV.
819 2100 992 2162 Chalcidem
998 2108 1032 2162 ut
1042 2102 1234 2175 uentum'esl,

259 2188 386 2249 aliarum
399 2188 563 2249 clvitahuun
578 2185 744 2262 principes,
758 2186 790 2246 id
805 2186 890 2262 quod
903 2184 1035 2245 maxime
1041 2191 1161 2261 gratum
1168 2191 1234 2244 erat

260 2269 422 2345 Romanis,
444 2287 502 2331 suo
515 2285 638 2346 quoque
649 2270 776 2345 proprio
791 2270 908 2331 boeto
923 2271 1038 2343 renium
1054 2269 1233 2329 societatem
1313 2316 1314 2319 η

259 2355 413 2430 aspernati
440 2354 587 2414 Romanis
615 2368 650 2412 se
678 2353 896 2428 adlungebantz
939 2353 1086 2414 Ismenias
1114 2358 1233 2426 gentem

256 2433 442 2499 Boeotorum
456 2436 488 2495 in
509 2436 601 2495 Iidem
614 2436 821 2496 Romanorum
836 2435 966 2510 permitti
980 2451 1112 2510 acquum
1127 2449 1232 2494 censa

257 2518 318 2579 bat.
347 2519 419 2579 inde
437 2518 602 2577 certamine
616 2523 699 2591 orto,
715 2518 774 2578 nisi
789 2516 820 2578 iu
835 2518 965 2580 tribunal
980 2519 1150 2594 legatorum
1164 2533 1235 2593 per·

257 2600 402 2676 fugisset,
421 2600 504 2660 haud
522 2601 648 2662 multum
669 2600 758 2675 aluit,
776 2600 849 2676 quin
872 2601 909 2662 ab
929 2602 1087 2664 exsulibus
1111 2601 1232 2662 lautori-

257 2682 380 2756 busque
395 2698 501 2743 eorum
513 2683 744 2745 interficeretur.
759 2684 882 2746 Thmae
897 2702 1023 2762 quoque
1036 2686 1132 2762 ipsae,
1150 2684 1232 2760 quod

256 2766 403 2828 Boeotiae
424 2774 517 2843 caput
529 2774 592 2841 est,
608 2769 637 2828 in
653 2783 764 2843 magno
778 2776 864 2831 motu
878 2776 978 2845 erant,
994 2770 1061 2830 aliis
1076 2770 1116 2829 ad
1129 2783 1231 2843 regem

256 2850 445 2913 habentibus
460 2853 625 2927 civitatem,
647 2852 716 2912 aliis
735 2853 776 2913 ad
789 2853 962 2927 Romanos,
988 2860 1019 2914 et
1038 2852 1126 2914 turba
1141 2851 1231 2912 coro-

256 2937 683 3012 nasorumHaliartiorumque
695 2942 882 2998 convenerat
890 2937 931 2998 ad
943 2936 1169 2998 defendendum
1180 2936 1230 2995 de·

225 3026 227 3030 ·
257 3026 371 3080 cretum
391 3021 495 3096 regiae
515 3022 681 3082 societatis.
711 3021 768 3081 sed
788 3019 960 3083 constantia
986 3018 1157 3096 principum
1177 3019 1230 3079 do

257 3104 386 3164 centium
401 3104 542 3166 cladibus
558 3104 689 3180 Philippi
713 3104 933 3180 Antiochique,
952 3109 1066 3179 quanta
1086 3110 1170 3164 esset
1183 3103 1230 3164 vis

257 3187 379 3248 fortuna
398 3187 516 3263 Imperii
530 3195 560 3249 et
580 3188 726 3261 Romani,
747 3188 830 3250 vieta
843 3188 952 3250 eadem
966 3187 1125 3249 multitudo
1150 3192 1180 3248 et
1199 3192 1231 3247 ut

257 3272 412 3332 tolleretur
426 3271 511 3345 regia
525 3271 658 3332 socletas
674 3271 824 3345 decrevit,
840 3279 871 3332 et
884 3287 939 3333 eos
955 3271 1007 3347 qui
1021 3277 1164 3333 auctores
1178 3285 1232 3345 pa.-

256 3354 419 3417 oIscendae
447 3354 596 3416 amicitiae
623 3355 742 3414 luerunt
775 3354 815 3414 ad
849 3354 1099 3415 satistacIendum
1125 3353 1229 3429 legatis
1288 3388 1293 3399 ·

256 3438 430 3501 chalcidem
444 3437 540 3511 mIsit,
562 3436 698 3512 fideique
718 3437 886 3513 legatorum
908 3438 1115 3498 commendari
1130 3436 1228 3497 ciuita-

256 3527 316 3583 tem
330 3522 428 3584 lussit
455 3519 617 3581 Thebanos
638 3519 771 3581 Marcius
794 3528 824 3581 et
847 3521 957 3582 Atilius
982 3520 1053 3582 laeti
1073 3521 1230 3582 audierunt
