<?xml version="1.0" encoding="UTF-8"?>
<!DOCTYPE html PUBLIC "-//W3C//DTD XHTML 1.0 Transitional//EN"
    "http://www.w3.org/TR/xhtml1/DTD/xhtml1-transitional.dtd">
<html xmlns="http://www.w3.org/1999/xhtml" xml:lang="en" lang="en">
 <head>
  <title>
</title>
<meta http-equiv="Content-Type" content="text/html;charset=utf-8" />
  <meta name='ocr-system' content='tesseract 3.04.00' />
  <meta name='ocr-capabilities' content='ocr_page ocr_carea ocr_par ocr_line ocrx_word'/>
</head>
<body>
  <div class='ocr_page' id='page_1' title='image "./aburbeconditali01mlgoog_0301.png"; bbox 0 0 2642 4017; ppageno 0'>
   <div class='ocr_carea' id='block_1_1' title="bbox 292 285 1088 367">
    <p class='ocr_par' dir='ltr' id='par_1_1' title="bbox 292 285 1088 367">
     <span class='ocr_line' id='line_1_1' title="bbox 292 285 1088 367; baseline 0.001 -21"><span class='ocrx_word' id='word_1_1' title='bbox 292 285 511 346; x_wconf 72' lang='lat' dir='ltr'>ursusxxv.</span> <span class='ocrx_word' id='word_1_2' title='bbox 535 285 618 345; x_wconf 80' lang='lat' dir='ltr'>cna.</span> <span class='ocrx_word' id='word_1_3' title='bbox 634 295 732 347; x_wconf 70' lang='lat' dir='ltr'>rara.</span> <span class='ocrx_word' id='word_1_4' title='bbox 756 293 791 360; x_wconf 68' lang='lat' dir='ltr'>[a.</span> <span class='ocrx_word' id='word_1_5' title='bbox 805 293 837 346; x_wconf 91' lang='lat' dir='ltr'>c.</span> <span class='ocrx_word' id='word_1_6' title='bbox 851 290 912 367; x_wconf 76' lang='lat' dir='ltr'>ica]</span> <span class='ocrx_word' id='word_1_7' title='bbox 1025 287 1088 350; x_wconf 77' lang='lat' dir='ltr'>aaa</span> 
     </span>
    </p>
   </div>
   <div class='ocr_carea' id='block_1_2' title="bbox 54 436 1093 3599">
    <p class='ocr_par' dir='ltr' id='par_1_2' title="bbox 54 436 1093 3599">
     <span class='ocr_line' id='line_1_2' title="bbox 106 436 1086 515; baseline 0.003 -14"><span class='ocrx_word' id='word_1_8' title='bbox 106 446 308 515; x_wconf 78' lang='lat' dir='ltr'>acceperunt:</span> <span class='ocrx_word' id='word_1_9' title='bbox 331 451 421 497; x_wconf 90' lang='lat' dir='ltr'>soror</span> <span class='ocrx_word' id='word_1_10' title='bbox 442 436 603 512; x_wconf 89' lang='lat' dir='ltr'>plurimum</span> <span class='ocrx_word' id='word_1_11' title='bbox 624 438 741 499; x_wconf 86' lang='lat' dir='ltr'>adiuvit</span> <span class='ocrx_word' id='word_1_12' title='bbox 760 453 821 499; x_wconf 91' lang='lat' dir='ltr'>non</span> <span class='ocrx_word' id='word_1_13' title='bbox 844 442 972 504; x_wconf 89' lang='lat' dir='ltr'>consilio</span> <span class='ocrx_word' id='word_1_14' title='bbox 993 444 1086 504; x_wconf 91' lang='lat' dir='ltr'>modo</span> 
     </span>
     <span class='ocr_line' id='line_1_3' title="bbox 107 520 1087 602; baseline 0.001 -17"><span class='ocrx_word' id='word_1_15' title='bbox 107 525 163 585; x_wconf 90' lang='lat' dir='ltr'>sed</span> <span class='ocrx_word' id='word_1_16' title='bbox 178 522 268 582; x_wconf 86' lang='lat' dir='ltr'>etiam</span> <span class='ocrx_word' id='word_1_17' title='bbox 282 520 437 596; x_wconf 87' lang='lat' dir='ltr'>precibus.</span> <span class='ocrx_word' id='word_1_18' title='bbox 473 521 576 595; x_wconf 85' lang='lat' dir='ltr'>itaque</span> <span class='ocrx_word' id='word_1_19' title='bbox 591 523 851 583; x_wconf 82' lang='lat' dir='ltr'>consentientibus</span> <span class='ocrx_word' id='word_1_20' title='bbox 873 525 989 586; x_wconf 90' lang='lat' dir='ltr'>cunctis</span> <span class='ocrx_word' id='word_1_21' title='bbox 1010 542 1087 602; x_wconf 91' lang='lat' dir='ltr'>pace</span> 
     </span>
     <span class='ocr_line' id='line_1_4' title="bbox 106 603 1086 683; baseline 0.002 -16"><span class='ocrx_word' id='word_1_22' title='bbox 106 610 185 667; x_wconf 88' lang='lat' dir='ltr'>lacta</span> <span class='ocrx_word' id='word_1_23' title='bbox 200 604 426 664; x_wconf 80' lang='lat' dir='ltr'>Alexandream</span> <span class='ocrx_word' id='word_1_24' title='bbox 441 603 600 678; x_wconf 80' lang='lat' dir='ltr'>recipitur,</span> <span class='ocrx_word' id='word_1_25' title='bbox 623 620 662 664; x_wconf 91' lang='lat' dir='ltr'>ne</span> <span class='ocrx_word' id='word_1_26' title='bbox 682 606 873 667; x_wconf 89' lang='lat' dir='ltr'>multitudine</span> <span class='ocrx_word' id='word_1_27' title='bbox 893 608 1018 683; x_wconf 89' lang='lat' dir='ltr'>quidem</span> <span class='ocrx_word' id='word_1_28' title='bbox 1033 610 1086 669; x_wconf 88' lang='lat' dir='ltr'>ad·</span> 
     </span>
     <span class='ocr_line' id='line_1_5' title="bbox 106 686 1087 767; baseline 0.006 -19"><span class='ocrx_word' id='word_1_29' title='bbox 106 697 262 759; x_wconf 84' lang='lat' dir='ltr'>versante,</span> <span class='ocrx_word' id='word_1_30' title='bbox 285 686 408 761; x_wconf 89' lang='lat' dir='ltr'>quaein</span> <span class='ocrx_word' id='word_1_31' title='bbox 432 687 512 746; x_wconf 90' lang='lat' dir='ltr'>bello</span> <span class='ocrx_word' id='word_1_32' title='bbox 527 702 589 747; x_wconf 90' lang='lat' dir='ltr'>non</span> <span class='ocrx_word' id='word_1_33' title='bbox 610 704 666 763; x_wconf 92' lang='lat' dir='ltr'>per</span> <span class='ocrx_word' id='word_1_34' title='bbox 687 689 880 752; x_wconf 89' lang='lat' dir='ltr'>obsidionem</span> <span class='ocrx_word' id='word_1_35' title='bbox 900 693 1009 767; x_wconf 91' lang='lat' dir='ltr'>modo,</span> <span class='ocrx_word' id='word_1_36' title='bbox 1030 693 1087 753; x_wconf 88' lang='lat' dir='ltr'>sed</span> 
     </span>
     <span class='ocr_line' id='line_1_6' title="bbox 104 770 1086 850; baseline 0.002 -17"><span class='ocrx_word' id='word_1_37' title='bbox 104 773 195 833; x_wconf 90' lang='lat' dir='ltr'>etiam</span> <span class='ocrx_word' id='word_1_38' title='bbox 212 777 375 846; x_wconf 83' lang='lat' dir='ltr'>postquam</span> <span class='ocrx_word' id='word_1_39' title='bbox 390 786 410 830; x_wconf 91' lang='lat' dir='ltr'>a</span> <span class='ocrx_word' id='word_1_40' title='bbox 423 770 584 831; x_wconf 88' lang='lat' dir='ltr'>moenibus</span> <span class='ocrx_word' id='word_1_41' title='bbox 599 771 779 833; x_wconf 83' lang='lat' dir='ltr'>abscessum</span> <span class='ocrx_word' id='word_1_42' title='bbox 795 781 851 847; x_wconf 84' lang='lat' dir='ltr'>est,</span> <span class='ocrx_word' id='word_1_43' title='bbox 873 775 944 850; x_wconf 89' lang='lat' dir='ltr'>qula</span> <span class='ocrx_word' id='word_1_44' title='bbox 958 775 1031 837; x_wconf 91' lang='lat' dir='ltr'>nihil</span> <span class='ocrx_word' id='word_1_45' title='bbox 1046 791 1086 835; x_wconf 87' lang='lat' dir='ltr'>ex</span> 
     </span>
     <span class='ocr_line' id='line_1_7' title="bbox 106 853 1087 935; baseline 0.003 -19"><span class='ocrx_word' id='word_1_46' title='bbox 106 861 251 933; x_wconf 79' lang='lat' dir='ltr'>Aegypto</span> <span class='ocrx_word' id='word_1_47' title='bbox 273 853 514 928; x_wconf 85' lang='lat' dir='ltr'>subvehebatur,</span> <span class='ocrx_word' id='word_1_48' title='bbox 536 856 670 916; x_wconf 83' lang='lat' dir='ltr'>emnium</span> <span class='ocrx_word' id='word_1_49' title='bbox 690 870 791 918; x_wconf 93' lang='lat' dir='ltr'>rerum</span> <span class='ocrx_word' id='word_1_50' title='bbox 811 864 965 920; x_wconf 87' lang='lat' dir='ltr'>attenuata</span> <span class='ocrx_word' id='word_1_51' title='bbox 982 860 1087 935; x_wconf 89' lang='lat' dir='ltr'>inopia</span> 
     </span>
     <span class='ocr_line' id='line_1_8' title="bbox 104 935 1085 1016; baseline 0.003 -16"><span class='ocrx_word' id='word_1_52' title='bbox 104 947 178 1000; x_wconf 86' lang='lat' dir='ltr'>emt.</span> <span class='ocrx_word' id='word_1_53' title='bbox 198 937 247 998; x_wconf 91' lang='lat' dir='ltr'>his</span> <span class='ocrx_word' id='word_1_54' title='bbox 262 954 331 998; x_wconf 91' lang='lat' dir='ltr'>cum</span> <span class='ocrx_word' id='word_1_55' title='bbox 345 935 450 997; x_wconf 90' lang='lat' dir='ltr'>laetari</span> <span class='ocrx_word' id='word_1_56' title='bbox 469 937 653 999; x_wconf 85' lang='lat' dir='ltr'>Antiochum</span> <span class='ocrx_word' id='word_1_57' title='bbox 671 941 858 1001; x_wconf 90' lang='lat' dir='ltr'>conveniens</span> <span class='ocrx_word' id='word_1_58' title='bbox 874 950 972 1016; x_wconf 89' lang='lat' dir='ltr'>esset,</span> <span class='ocrx_word' id='word_1_59' title='bbox 992 944 1019 1003; x_wconf 91' lang='lat' dir='ltr'>si</span> <span class='ocrx_word' id='word_1_60' title='bbox 1038 959 1085 1003; x_wconf 91' lang='lat' dir='ltr'>re·</span> 
     </span>
     <span class='ocr_line' id='line_1_9' title="bbox 105 1021 1086 1103; baseline 0.004 -20"><span class='ocrx_word' id='word_1_61' title='bbox 105 1021 238 1083; x_wconf 90' lang='lat' dir='ltr'>ducendi</span> <span class='ocrx_word' id='word_1_62' title='bbox 254 1022 320 1082; x_wconf 90' lang='lat' dir='ltr'>eius</span> <span class='ocrx_word' id='word_1_63' title='bbox 336 1036 430 1081; x_wconf 90' lang='lat' dir='ltr'>causa</span> <span class='ocrx_word' id='word_1_64' title='bbox 447 1021 614 1083; x_wconf 87' lang='lat' dir='ltr'>exercitum</span> <span class='ocrx_word' id='word_1_65' title='bbox 625 1023 802 1100; x_wconf 81' lang='lat' dir='ltr'>Aegyptum</span> <span class='ocrx_word' id='word_1_66' title='bbox 817 1025 1004 1102; x_wconf 84' lang='lat' dir='ltr'>induxisset,</span> <span class='ocrx_word' id='word_1_67' title='bbox 1022 1042 1086 1103; x_wconf 92' lang='lat' dir='ltr'>quo</span> 
     </span>
     <span class='ocr_line' id='line_1_10' title="bbox 108 1104 1084 1182; baseline 0.004 -16"><span class='ocrx_word' id='word_1_68' title='bbox 108 1106 251 1182; x_wconf 90' lang='lat' dir='ltr'>specioso</span> <span class='ocrx_word' id='word_1_69' title='bbox 267 1104 351 1165; x_wconf 92' lang='lat' dir='ltr'>titulo</span> <span class='ocrx_word' id='word_1_70' title='bbox 373 1105 414 1163; x_wconf 91' lang='lat' dir='ltr'>ad</span> <span class='ocrx_word' id='word_1_71' title='bbox 433 1119 541 1165; x_wconf 90' lang='lat' dir='ltr'>omnes</span> <span class='ocrx_word' id='word_1_72' title='bbox 554 1106 649 1166; x_wconf 81' lang='lat' dir='ltr'>Asiae</span> <span class='ocrx_word' id='word_1_73' title='bbox 671 1112 702 1166; x_wconf 89' lang='lat' dir='ltr'>et</span> <span class='ocrx_word' id='word_1_74' title='bbox 717 1106 864 1169; x_wconf 85' lang='lat' dir='ltr'>Graeciae</span> <span class='ocrx_word' id='word_1_75' title='bbox 884 1109 1021 1170; x_wconf 84' lang='lat' dir='ltr'>civitates</span> <span class='ocrx_word' id='word_1_76' title='bbox 1043 1110 1084 1170; x_wconf 91' lang='lat' dir='ltr'>le·</span> 
     </span>
     <span class='ocr_line' id='line_1_11' title="bbox 106 1186 1085 1267; baseline 0.004 -18"><span class='ocrx_word' id='word_1_77' title='bbox 106 1188 279 1264; x_wconf 80' lang='lat' dir='ltr'>gationibus</span> <span class='ocrx_word' id='word_1_78' title='bbox 300 1186 486 1262; x_wconf 87' lang='lat' dir='ltr'>recipiendis</span> <span class='ocrx_word' id='word_1_79' title='bbox 507 1187 675 1265; x_wconf 87' lang='lat' dir='ltr'>litterisque</span> <span class='ocrx_word' id='word_1_80' title='bbox 703 1191 887 1253; x_wconf 84' lang='lat' dir='ltr'>dimittendis</span> <span class='ocrx_word' id='word_1_81' title='bbox 914 1210 991 1254; x_wconf 88' lang='lat' dir='ltr'>usus</span> <span class='ocrx_word' id='word_1_82' title='bbox 1011 1201 1085 1267; x_wconf 89' lang='lat' dir='ltr'>erat,</span> 
     </span>
     <span class='ocr_line' id='line_1_12' title="bbox 107 1272 1084 1351; baseline 0.003 -18"><span class='ocrx_word' id='word_1_83' title='bbox 107 1274 184 1333; x_wconf 91' lang='lat' dir='ltr'>adeo</span> <span class='ocrx_word' id='word_1_84' title='bbox 192 1272 394 1344; x_wconf 80' lang='lat' dir='ltr'>estoffcnsus,</span> <span class='ocrx_word' id='word_1_85' title='bbox 406 1272 539 1332; x_wconf 87' lang='lat' dir='ltr'>utmulto</span> <span class='ocrx_word' id='word_1_86' title='bbox 548 1272 649 1333; x_wconf 88' lang='lat' dir='ltr'>acrius</span> <span class='ocrx_word' id='word_1_87' title='bbox 662 1274 866 1351; x_wconf 80' lang='lat' dir='ltr'>infestiusque</span> <span class='ocrx_word' id='word_1_88' title='bbox 873 1276 1022 1337; x_wconf 85' lang='lat' dir='ltr'>adversus</span> <span class='ocrx_word' id='word_1_89' title='bbox 1030 1276 1084 1336; x_wconf 89' lang='lat' dir='ltr'>dn·</span> 
     </span>
     <span class='ocr_line' id='line_1_13' title="bbox 106 1356 1085 1437; baseline 0.003 -21"><span class='ocrx_word' id='word_1_90' title='bbox 106 1372 143 1416; x_wconf 93' lang='lat' dir='ltr'>os</span> <span class='ocrx_word' id='word_1_91' title='bbox 151 1372 242 1431; x_wconf 92' lang='lat' dir='ltr'>quam</span> <span class='ocrx_word' id='word_1_92' title='bbox 250 1356 399 1415; x_wconf 89' lang='lat' dir='ltr'>adversus</span> <span class='ocrx_word' id='word_1_93' title='bbox 411 1371 503 1415; x_wconf 90' lang='lat' dir='ltr'>unum</span> <span class='ocrx_word' id='word_1_94' title='bbox 516 1363 638 1430; x_wconf 88' lang='lat' dir='ltr'>pararet</span> <span class='ocrx_word' id='word_1_95' title='bbox 647 1356 768 1417; x_wconf 90' lang='lat' dir='ltr'>bellum.</span> <span class='ocrx_word' id='word_1_96' title='bbox 784 1358 919 1437; x_wconf 76' lang='lat' dir='ltr'>Cyprum</span> <span class='ocrx_word' id='word_1_97' title='bbox 931 1360 1085 1433; x_wconf 89' lang='lat' dir='ltr'>extemplo</span> 
     </span>
     <span class='ocr_line' id='line_1_14' title="bbox 107 1437 1085 1519; baseline 0 -20"><span class='ocrx_word' id='word_1_98' title='bbox 107 1441 238 1500; x_wconf 83' lang='lat' dir='ltr'>classem</span> <span class='ocrx_word' id='word_1_99' title='bbox 245 1439 342 1508; x_wconf 81' lang='lat' dir='ltr'>misit;</span> <span class='ocrx_word' id='word_1_100' title='bbox 356 1439 426 1513; x_wconf 90' lang='lat' dir='ltr'>ipse</span> <span class='ocrx_word' id='word_1_101' title='bbox 440 1437 538 1513; x_wconf 90' lang='lat' dir='ltr'>primo</span> <span class='ocrx_word' id='word_1_102' title='bbox 546 1453 694 1498; x_wconf 90' lang='lat' dir='ltr'>verecum</span> <span class='ocrx_word' id='word_1_103' title='bbox 703 1441 838 1501; x_wconf 89' lang='lat' dir='ltr'>exercitu</span> <span class='ocrx_word' id='word_1_104' title='bbox 848 1443 1024 1519; x_wconf 73' lang='lat' dir='ltr'>Aegyptum</span> <span class='ocrx_word' id='word_1_105' title='bbox 1031 1455 1085 1516; x_wconf 92' lang='lat' dir='ltr'>pe-</span> 
     </span>
     <span class='ocr_line' id='line_1_15' title="bbox 107 1521 1085 1600; baseline 0 -17"><span class='ocrx_word' id='word_1_106' title='bbox 107 1532 174 1583; x_wconf 90' lang='lat' dir='ltr'>tens</span> <span class='ocrx_word' id='word_1_107' title='bbox 189 1523 219 1582; x_wconf 92' lang='lat' dir='ltr'>iu</span> <span class='ocrx_word' id='word_1_108' title='bbox 231 1523 342 1583; x_wconf 85' lang='lat' dir='ltr'>Coelen</span> <span class='ocrx_word' id='word_1_109' title='bbox 354 1521 475 1600; x_wconf 80' lang='lat' dir='ltr'>Syriam</span> <span class='ocrx_word' id='word_1_110' title='bbox 487 1521 648 1596; x_wconf 87' lang='lat' dir='ltr'>processit.</span> <span class='ocrx_word' id='word_1_111' title='bbox 673 1521 754 1584; x_wconf 90' lang='lat' dir='ltr'>circa</span> <span class='ocrx_word' id='word_1_112' title='bbox 766 1524 973 1585; x_wconf 79' lang='lat' dir='ltr'>Rhinocolura</span> <span class='ocrx_word' id='word_1_113' title='bbox 987 1523 1085 1584; x_wconf 76' lang='lat' dir='ltr'>Ptole</span> 
     </span>
     <span class='ocr_line' id='line_1_16' title="bbox 106 1604 1085 1682; baseline 0.001 -17"><span class='ocrx_word' id='word_1_114' title='bbox 106 1605 184 1666; x_wconf 85' lang='lat' dir='ltr'>maci</span> <span class='ocrx_word' id='word_1_115' title='bbox 191 1607 298 1681; x_wconf 83' lang='lat' dir='ltr'>legatis</span> <span class='ocrx_word' id='word_1_116' title='bbox 305 1604 465 1681; x_wconf 83' lang='lat' dir='ltr'>agentibus</span> <span class='ocrx_word' id='word_1_117' title='bbox 471 1604 595 1680; x_wconf 78' lang='lat' dir='ltr'>gratias,</span> <span class='ocrx_word' id='word_1_118' title='bbox 609 1605 694 1679; x_wconf 89' lang='lat' dir='ltr'>quod</span> <span class='ocrx_word' id='word_1_119' title='bbox 705 1621 762 1682; x_wconf 89' lang='lat' dir='ltr'>pcr</span> <span class='ocrx_word' id='word_1_120' title='bbox 774 1622 844 1667; x_wconf 91' lang='lat' dir='ltr'>eum</span> <span class='ocrx_word' id='word_1_121' title='bbox 856 1622 982 1681; x_wconf 71' lang='lat' dir='ltr'>regnum</span> <span class='ocrx_word' id='word_1_122' title='bbox 993 1606 1085 1682; x_wconf 89' lang='lat' dir='ltr'>patri·</span> 
     </span>
     <span class='ocr_line' id='line_1_17' title="bbox 106 1689 1087 1765; baseline 0 -15"><span class='ocrx_word' id='word_1_123' title='bbox 106 1707 157 1750; x_wconf 93' lang='lat' dir='ltr'>um</span> <span class='ocrx_word' id='word_1_124' title='bbox 169 1691 348 1765; x_wconf 85' lang='lat' dir='ltr'>recepisset,</span> <span class='ocrx_word' id='word_1_125' title='bbox 363 1689 609 1765; x_wconf 86' lang='lat' dir='ltr'>petentibusque,</span> <span class='ocrx_word' id='word_1_126' title='bbox 623 1694 656 1748; x_wconf 92' lang='lat' dir='ltr'>ut</span> <span class='ocrx_word' id='word_1_127' title='bbox 669 1705 759 1749; x_wconf 87' lang='lat' dir='ltr'>sunm</span> <span class='ocrx_word' id='word_1_128' title='bbox 774 1706 883 1752; x_wconf 91' lang='lat' dir='ltr'>munus</span> <span class='ocrx_word' id='word_1_129' title='bbox 897 1697 1041 1764; x_wconf 89' lang='lat' dir='ltr'>tueretur,</span> <span class='ocrx_word' id='word_1_130' title='bbox 1057 1699 1087 1750; x_wconf 91' lang='lat' dir='ltr'>et</span> 
     </span>
     <span class='ocr_line' id='line_1_18' title="bbox 105 1770 1085 1849; baseline 0 -16"><span class='ocrx_word' id='word_1_131' title='bbox 105 1773 333 1849; x_wconf 89' lang='lat' dir='ltr'>diceretpotius</span> <span class='ocrx_word' id='word_1_132' title='bbox 341 1772 415 1848; x_wconf 93' lang='lat' dir='ltr'>quid</span> <span class='ocrx_word' id='word_1_133' title='bbox 422 1770 489 1832; x_wconf 84' lang='lat' dir='ltr'>lieri</span> <span class='ocrx_word' id='word_1_134' title='bbox 498 1773 599 1845; x_wconf 87' lang='lat' dir='ltr'>vellet,</span> <span class='ocrx_word' id='word_1_135' title='bbox 614 1787 706 1845; x_wconf 84' lang='lat' dir='ltr'>quam</span> <span class='ocrx_word' id='word_1_136' title='bbox 720 1773 818 1835; x_wconf 91' lang='lat' dir='ltr'>hostis</span> <span class='ocrx_word' id='word_1_137' title='bbox 832 1789 873 1839; x_wconf 89' lang='lat' dir='ltr'>ex</span> <span class='ocrx_word' id='word_1_138' title='bbox 886 1775 972 1836; x_wconf 89' lang='lat' dir='ltr'>socio</span> <span class='ocrx_word' id='word_1_139' title='bbox 986 1776 1085 1834; x_wconf 88' lang='lat' dir='ltr'>iactus</span> 
     </span>
     <span class='ocr_line' id='line_1_19' title="bbox 106 1855 1086 1933; baseline -0.003 -16"><span class='ocrx_word' id='word_1_140' title='bbox 106 1858 137 1917; x_wconf 92' lang='lat' dir='ltr'>vi</span> <span class='ocrx_word' id='word_1_141' title='bbox 151 1865 243 1931; x_wconf 89' lang='lat' dir='ltr'>atque</span> <span class='ocrx_word' id='word_1_142' title='bbox 258 1856 349 1917; x_wconf 89' lang='lat' dir='ltr'>armis</span> <span class='ocrx_word' id='word_1_143' title='bbox 361 1864 474 1932; x_wconf 75' lang='lat' dir='ltr'>ageret,</span> <span class='ocrx_word' id='word_1_144' title='bbox 488 1855 650 1931; x_wconf 77' lang='lat' dir='ltr'>respondit</span> <span class='ocrx_word' id='word_1_145' title='bbox 664 1871 725 1916; x_wconf 92' lang='lat' dir='ltr'>non</span> <span class='ocrx_word' id='word_1_146' title='bbox 739 1858 826 1917; x_wconf 92' lang='lat' dir='ltr'>aliter</span> <span class='ocrx_word' id='word_1_147' title='bbox 839 1873 940 1933; x_wconf 90' lang='lat' dir='ltr'>neque</span> <span class='ocrx_word' id='word_1_148' title='bbox 954 1859 1086 1918; x_wconf 88' lang='lat' dir='ltr'>classem</span> 
     </span>
     <span class='ocr_line' id='line_1_20' title="bbox 106 1938 1088 2014; baseline 0 -15"><span class='ocrx_word' id='word_1_149' title='bbox 106 1947 320 2001; x_wconf 87' lang='lat' dir='ltr'>revocaturum</span> <span class='ocrx_word' id='word_1_150' title='bbox 344 1955 446 2014; x_wconf 81' lang='lat' dir='ltr'>neque</span> <span class='ocrx_word' id='word_1_151' title='bbox 467 1939 633 2000; x_wconf 89' lang='lat' dir='ltr'>exercitum</span> <span class='ocrx_word' id='word_1_152' title='bbox 657 1941 868 2014; x_wconf 88' lang='lat' dir='ltr'>reducturum,</span> <span class='ocrx_word' id='word_1_153' title='bbox 896 1939 956 2000; x_wconf 91' lang='lat' dir='ltr'>nisi</span> <span class='ocrx_word' id='word_1_154' title='bbox 976 1938 1036 1999; x_wconf 90' lang='lat' dir='ltr'>sibl</span> <span class='ocrx_word' id='word_1_155' title='bbox 1057 1948 1088 1999; x_wconf 90' lang='lat' dir='ltr'>et</span> 
     </span>
     <span class='ocr_line' id='line_1_21' title="bbox 106 2023 1087 2102; baseline -0.004 -18"><span class='ocrx_word' id='word_1_156' title='bbox 106 2031 170 2084; x_wconf 91' lang='lat' dir='ltr'>tota</span> <span class='ocrx_word' id='word_1_157' title='bbox 180 2024 283 2102; x_wconf 77' lang='lat' dir='ltr'>cypro</span> <span class='ocrx_word' id='word_1_158' title='bbox 295 2031 325 2083; x_wconf 87' lang='lat' dir='ltr'>et</span> <span class='ocrx_word' id='word_1_159' title='bbox 334 2023 456 2084; x_wconf 86' lang='lat' dir='ltr'>Pelusio</span> <span class='ocrx_word' id='word_1_160' title='bbox 467 2038 605 2098; x_wconf 73' lang='lat' dir='ltr'>agroque</span> <span class='ocrx_word' id='word_1_161' title='bbox 617 2023 668 2098; x_wconf 92' lang='lat' dir='ltr'>qui</span> <span class='ocrx_word' id='word_1_162' title='bbox 680 2023 762 2083; x_wconf 89' lang='lat' dir='ltr'>circa</span> <span class='ocrx_word' id='word_1_163' title='bbox 771 2023 964 2084; x_wconf 85' lang='lat' dir='ltr'>Pelusiacum</span> <span class='ocrx_word' id='word_1_164' title='bbox 976 2023 1087 2083; x_wconf 92' lang='lat' dir='ltr'>ostium</span> 
     </span>
     <span class='ocr_line' id='line_1_22' title="bbox 107 2104 1088 2183; baseline -0.002 -17"><span class='ocrx_word' id='word_1_165' title='bbox 107 2107 164 2166; x_wconf 81' lang='lat' dir='ltr'>Nili</span> <span class='ocrx_word' id='word_1_166' title='bbox 178 2115 264 2168; x_wconf 88' lang='lat' dir='ltr'>esset</span> <span class='ocrx_word' id='word_1_167' title='bbox 278 2108 447 2180; x_wconf 86' lang='lat' dir='ltr'>cederetur,</span> <span class='ocrx_word' id='word_1_168' title='bbox 470 2107 614 2183; x_wconf 89' lang='lat' dir='ltr'>diemque</span> <span class='ocrx_word' id='word_1_169' title='bbox 628 2106 814 2183; x_wconf 89' lang='lat' dir='ltr'>praestituit,</span> <span class='ocrx_word' id='word_1_170' title='bbox 835 2104 913 2166; x_wconf 89' lang='lat' dir='ltr'>intra</span> <span class='ocrx_word' id='word_1_171' title='bbox 936 2121 1028 2180; x_wconf 88' lang='lat' dir='ltr'>quam</span> <span class='ocrx_word' id='word_1_172' title='bbox 1048 2105 1088 2164; x_wconf 92' lang='lat' dir='ltr'>de</span> 
     </span>
     <span class='ocr_line' id='line_1_23' title="bbox 107 2190 1087 2266; baseline -0.003 -16"><span class='ocrx_word' id='word_1_173' title='bbox 107 2190 340 2252; x_wconf 88' lang='lat' dir='ltr'>condicionibus</span> <span class='ocrx_word' id='word_1_174' title='bbox 362 2191 495 2266; x_wconf 90' lang='lat' dir='ltr'>peractis</span> <span class='ocrx_word' id='word_1_175' title='bbox 515 2205 701 2266; x_wconf 89' lang='lat' dir='ltr'>responsum</span> <span class='ocrx_word' id='word_1_176' title='bbox 717 2191 879 2266; x_wconf 90' lang='lat' dir='ltr'>acciperet.</span> <span class='ocrx_word' id='word_1_177' title='bbox 914 2190 978 2250; x_wconf 86' lang='grc' dir='ltr'>ΧΠ.</span> <span class='ocrx_word' id='word_1_178' title='bbox 1002 2195 1087 2264; x_wconf 93' lang='lat' dir='ltr'>post·</span> 
     </span>
     <span class='ocr_line' id='line_1_24' title="bbox 108 2269 1086 2350; baseline -0.003 -16"><span class='ocrx_word' id='word_1_179' title='bbox 108 2274 275 2349; x_wconf 88' lang='lat' dir='ltr'>quamdies</span> <span class='ocrx_word' id='word_1_180' title='bbox 284 2276 355 2336; x_wconf 88' lang='lat' dir='ltr'>data</span> <span class='ocrx_word' id='word_1_181' title='bbox 365 2274 489 2336; x_wconf 88' lang='lat' dir='ltr'>indutiis</span> <span class='ocrx_word' id='word_1_182' title='bbox 504 2273 658 2350; x_wconf 87' lang='lat' dir='ltr'>praeteriit</span> <span class='ocrx_word' id='word_1_183' title='bbox 664 2271 698 2312; x_wconf 84' lang='lat'>**</span> <span class='ocrx_word' id='word_1_184' title='bbox 706 2273 920 2349; x_wconf 80' lang='lat' dir='ltr'>navigantibus</span> <span class='ocrx_word' id='word_1_185' title='bbox 935 2273 1014 2335; x_wconf 91' lang='lat' dir='ltr'>ostio</span> <span class='ocrx_word' id='word_1_186' title='bbox 1029 2269 1086 2332; x_wconf 87' lang='lat' dir='ltr'>Nili</span> 
     </span>
     <span class='ocr_line' id='line_1_25' title="bbox 107 2355 1087 2435; baseline -0.003 -18"><span class='ocrx_word' id='word_1_187' title='bbox 107 2358 147 2417; x_wconf 92' lang='lat' dir='ltr'>ad</span> <span class='ocrx_word' id='word_1_188' title='bbox 160 2359 322 2432; x_wconf 89' lang='lat' dir='ltr'>Pelusium,</span> <span class='ocrx_word' id='word_1_189' title='bbox 340 2374 396 2435; x_wconf 91' lang='lat' dir='ltr'>per</span> <span class='ocrx_word' id='word_1_190' title='bbox 409 2359 532 2419; x_wconf 84' lang='lat' dir='ltr'>deserta</span> <span class='ocrx_word' id='word_1_191' title='bbox 545 2357 679 2418; x_wconf 84' lang='lat' dir='ltr'>Arabiae</span> <span class='ocrx_word' id='word_1_192' title='bbox 693 2355 726 2397; x_wconf 80' lang='lat'>**</span> <span class='ocrx_word' id='word_1_193' title='bbox 741 2358 781 2417; x_wconf 90' lang='lat' dir='ltr'>ad</span> <span class='ocrx_word' id='word_1_194' title='bbox 792 2357 958 2433; x_wconf 86' lang='lat' dir='ltr'>Memphim</span> <span class='ocrx_word' id='word_1_195' title='bbox 974 2357 1087 2416; x_wconf 91' lang='lat' dir='ltr'>incole-</span> 
     </span>
     <span class='ocr_line' id='line_1_26' title="bbox 54 2439 1089 2520; baseline -0.002 -20"><span class='ocrx_word' id='word_1_196' title='bbox 54 2488 58 2500; x_wconf 72' lang='lat'>,</span> <span class='ocrx_word' id='word_1_197' title='bbox 107 2440 188 2515; x_wconf 84' lang='lat' dir='ltr'>bant,</span> <span class='ocrx_word' id='word_1_198' title='bbox 214 2449 244 2502; x_wconf 91' lang='lat' dir='ltr'>et</span> <span class='ocrx_word' id='word_1_199' title='bbox 263 2443 302 2502; x_wconf 90' lang='lat' dir='ltr'>ab</span> <span class='ocrx_word' id='word_1_200' title='bbox 324 2441 433 2504; x_wconf 87' lang='lat' dir='ltr'>ceteris</span> <span class='ocrx_word' id='word_1_201' title='bbox 459 2442 637 2520; x_wconf 78' lang='lat' dir='ltr'>Aegyptiis,</span> <span class='ocrx_word' id='word_1_202' title='bbox 668 2443 776 2517; x_wconf 89' lang='lat' dir='ltr'>partim</span> <span class='ocrx_word' id='word_1_203' title='bbox 797 2442 955 2503; x_wconf 84' lang='lat' dir='ltr'>voluntate</span> <span class='ocrx_word' id='word_1_204' title='bbox 979 2439 1089 2516; x_wconf 87' lang='lat' dir='ltr'>partim</span> 
     </span>
     <span class='ocr_line' id='line_1_27' title="bbox 107 2522 1089 2600; baseline -0.003 -16"><span class='ocrx_word' id='word_1_205' title='bbox 107 2534 203 2600; x_wconf 90' lang='lat' dir='ltr'>metu,</span> <span class='ocrx_word' id='word_1_206' title='bbox 225 2525 265 2585; x_wconf 88' lang='lat' dir='ltr'>ad</span> <span class='ocrx_word' id='word_1_207' title='bbox 278 2527 504 2587; x_wconf 84' lang='lat' dir='ltr'>Alexandream</span> <span class='ocrx_word' id='word_1_208' title='bbox 524 2526 653 2587; x_wconf 86' lang='lat' dir='ltr'>modicis</span> <span class='ocrx_word' id='word_1_209' title='bbox 668 2526 825 2587; x_wconf 87' lang='lat' dir='ltr'>itineribus</span> <span class='ocrx_word' id='word_1_210' title='bbox 841 2524 1011 2586; x_wconf 90' lang='lat' dir='ltr'>descendit.</span> <span class='ocrx_word' id='word_1_211' title='bbox 1049 2522 1089 2582; x_wconf 91' lang='lat' dir='ltr'>ad</span> 
     </span>
     <span class='ocr_line' id='line_1_28' title="bbox 106 2605 1091 2685; baseline -0.003 -18"><span class='ocrx_word' id='word_1_212' title='bbox 106 2608 282 2669; x_wconf 83' lang='lat' dir='ltr'>Eleusinem</span> <span class='ocrx_word' id='word_1_213' title='bbox 296 2616 491 2683; x_wconf 77' lang='lat' dir='ltr'>transgresso</span> <span class='ocrx_word' id='word_1_214' title='bbox 509 2609 640 2685; x_wconf 86' lang='lat' dir='ltr'>flumen,</span> <span class='ocrx_word' id='word_1_215' title='bbox 670 2610 721 2684; x_wconf 90' lang='lat' dir='ltr'>qui</span> <span class='ocrx_word' id='word_1_216' title='bbox 741 2612 829 2671; x_wconf 89' lang='lat' dir='ltr'>locus</span> <span class='ocrx_word' id='word_1_217' title='bbox 851 2616 994 2685; x_wconf 89' lang='lat' dir='ltr'>quattuor</span> <span class='ocrx_word' id='word_1_218' title='bbox 1007 2605 1091 2666; x_wconf 89' lang='lat' dir='ltr'>milia</span> 
     </span>
     <span class='ocr_line' id='line_1_29' title="bbox 107 2692 1090 2768; baseline -0.001 -19"><span class='ocrx_word' id='word_1_219' title='bbox 107 2692 452 2765; x_wconf 84' lang='lat' dir='ltr'>abAlexandreaabest,</span> <span class='ocrx_word' id='word_1_220' title='bbox 467 2693 909 2767; x_wconf 82' lang='lat' dir='ltr'>legatiRomanloccurrerunt.</span> <span class='ocrx_word' id='word_1_221' title='bbox 931 2705 1090 2768; x_wconf 90' lang='lat' dir='ltr'>quoscum</span> 
     </span>
     <span class='ocr_line' id='line_1_30' title="bbox 109 2773 1090 2852; baseline 0.001 -20"><span class='ocrx_word' id='word_1_222' title='bbox 109 2773 309 2832; x_wconf 88' lang='lat' dir='ltr'>advenientes</span> <span class='ocrx_word' id='word_1_223' title='bbox 336 2775 516 2846; x_wconf 90' lang='lat' dir='ltr'>salutasset,</span> <span class='ocrx_word' id='word_1_224' title='bbox 541 2775 742 2850; x_wconf 87' lang='lat' dir='ltr'>dextramque</span> <span class='ocrx_word' id='word_1_225' title='bbox 759 2776 889 2852; x_wconf 88' lang='lat' dir='ltr'>Popillio</span> <span class='ocrx_word' id='word_1_226' title='bbox 908 2775 1090 2851; x_wconf 81' lang='lat' dir='ltr'>porrigeret,</span> 
     </span>
     <span class='ocr_line' id='line_1_31' title="bbox 108 2855 1090 2935; baseline 0 -19"><span class='ocrx_word' id='word_1_227' title='bbox 108 2857 237 2916; x_wconf 89' lang='lat' dir='ltr'>tabellas</span> <span class='ocrx_word' id='word_1_228' title='bbox 253 2855 281 2913; x_wconf 91' lang='lat' dir='ltr'>ei</span> <span class='ocrx_word' id='word_1_229' title='bbox 295 2855 440 2930; x_wconf 84' lang='lat' dir='ltr'>Popillius</span> <span class='ocrx_word' id='word_1_230' title='bbox 455 2862 579 2916; x_wconf 89' lang='lat' dir='ltr'>senatus</span> <span class='ocrx_word' id='word_1_231' title='bbox 594 2861 768 2918; x_wconf 89' lang='lat' dir='ltr'>consultum</span> <span class='ocrx_word' id='word_1_232' title='bbox 779 2860 927 2935; x_wconf 87' lang='lat' dir='ltr'>scriptum</span> <span class='ocrx_word' id='word_1_233' title='bbox 939 2857 1090 2917; x_wconf 89' lang='lat' dir='ltr'>habentes</span> 
     </span>
     <span class='ocr_line' id='line_1_32' title="bbox 108 2938 1090 3015; baseline 0.001 -16"><span class='ocrx_word' id='word_1_234' title='bbox 108 2939 207 3010; x_wconf 87' lang='lat' dir='ltr'>tradit,</span> <span class='ocrx_word' id='word_1_235' title='bbox 223 2945 315 3013; x_wconf 91' lang='lat' dir='ltr'>atque</span> <span class='ocrx_word' id='word_1_236' title='bbox 330 2938 464 2998; x_wconf 92' lang='lat' dir='ltr'>omnium</span> <span class='ocrx_word' id='word_1_237' title='bbox 479 2938 609 3013; x_wconf 90' lang='lat' dir='ltr'>primum</span> <span class='ocrx_word' id='word_1_238' title='bbox 622 2940 653 2998; x_wconf 92' lang='lat' dir='ltr'>id</span> <span class='ocrx_word' id='word_1_239' title='bbox 669 2939 772 3014; x_wconf 84' lang='lat' dir='ltr'>legere</span> <span class='ocrx_word' id='word_1_240' title='bbox 783 2940 874 3000; x_wconf 90' lang='lat' dir='ltr'>iubet.</span> <span class='ocrx_word' id='word_1_241' title='bbox 897 2940 1009 3015; x_wconf 89' lang='lat' dir='ltr'>quibus</span> <span class='ocrx_word' id='word_1_242' title='bbox 1021 2955 1090 3015; x_wconf 89' lang='lat' dir='ltr'>per·</span> 
     </span>
     <span class='ocr_line' id='line_1_33' title="bbox 108 3021 1091 3098; baseline -0.001 -16"><span class='ocrx_word' id='word_1_243' title='bbox 108 3023 195 3083; x_wconf 88' lang='lat' dir='ltr'>lectis</span> <span class='ocrx_word' id='word_1_244' title='bbox 218 3037 285 3082; x_wconf 89' lang='lat' dir='ltr'>cum</span> <span class='ocrx_word' id='word_1_245' title='bbox 309 3037 345 3082; x_wconf 90' lang='lat' dir='ltr'>se</span> <span class='ocrx_word' id='word_1_246' title='bbox 367 3021 630 3083; x_wconf 87' lang='lat' dir='ltr'>consideraturum</span> <span class='ocrx_word' id='word_1_247' title='bbox 649 3021 793 3083; x_wconf 90' lang='lat' dir='ltr'>adhibitis</span> <span class='ocrx_word' id='word_1_248' title='bbox 809 3023 930 3096; x_wconf 75' lang='lat' dir='ltr'>amiciS,</span> <span class='ocrx_word' id='word_1_249' title='bbox 953 3023 1026 3098; x_wconf 92' lang='lat' dir='ltr'>quid</span> <span class='ocrx_word' id='word_1_250' title='bbox 1047 3024 1091 3082; x_wconf 70' lang='lat' dir='ltr'>lan</span> 
     </span>
     <span class='ocr_line' id='line_1_34' title="bbox 108 3105 1090 3182; baseline -0.001 -16"><span class='ocrx_word' id='word_1_251' title='bbox 108 3108 250 3167; x_wconf 82' lang='lat' dir='ltr'>ciendum</span> <span class='ocrx_word' id='word_1_252' title='bbox 266 3107 325 3167; x_wconf 91' lang='lat' dir='ltr'>sibi</span> <span class='ocrx_word' id='word_1_253' title='bbox 340 3113 425 3166; x_wconf 89' lang='lat' dir='ltr'>esset</span> <span class='ocrx_word' id='word_1_254' title='bbox 436 3105 580 3180; x_wconf 89' lang='lat' dir='ltr'>dixisset,</span> <span class='ocrx_word' id='word_1_255' title='bbox 602 3105 766 3181; x_wconf 89' lang='lat' dir='ltr'>Popillius,</span> <span class='ocrx_word' id='word_1_256' title='bbox 782 3122 840 3181; x_wconf 91' lang='lat' dir='ltr'>pro</span> <span class='ocrx_word' id='word_1_257' title='bbox 856 3113 957 3167; x_wconf 89' lang='lat' dir='ltr'>cetera</span> <span class='ocrx_word' id='word_1_258' title='bbox 971 3107 1090 3182; x_wconf 89' lang='lat' dir='ltr'>asperi·</span> 
     </span>
     <span class='ocr_line' id='line_1_35' title="bbox 108 3187 1093 3266; baseline -0.001 -17"><span class='ocrx_word' id='word_1_259' title='bbox 108 3197 168 3250; x_wconf 87' lang='lat' dir='ltr'>tate</span> <span class='ocrx_word' id='word_1_260' title='bbox 191 3191 297 3266; x_wconf 89' lang='lat' dir='ltr'>animi,</span> <span class='ocrx_word' id='word_1_261' title='bbox 321 3192 410 3265; x_wconf 80' lang='lat' dir='ltr'>virga</span> <span class='ocrx_word' id='word_1_262' title='bbox 430 3190 521 3264; x_wconf 84' lang='lat' dir='ltr'>qua‘m</span> <span class='ocrx_word' id='word_1_263' title='bbox 540 3187 571 3249; x_wconf 91' lang='lat' dir='ltr'>in</span> <span class='ocrx_word' id='word_1_264' title='bbox 587 3206 680 3250; x_wconf 89' lang='lat' dir='ltr'>manu</span> <span class='ocrx_word' id='word_1_265' title='bbox 705 3189 830 3264; x_wconf 80' lang='lat' dir='ltr'>gerebat</span> <span class='ocrx_word' id='word_1_266' title='bbox 853 3189 1093 3265; x_wconf 89' lang='lat' dir='ltr'>circumscripsit</span> 
     </span>
     <span class='ocr_line' id='line_1_36' title="bbox 108 3272 1092 3351; baseline -0.002 -19"><span class='ocrx_word' id='word_1_267' title='bbox 108 3289 226 3348; x_wconf 81' lang='lat' dir='ltr'>regem3</span> <span class='ocrx_word' id='word_1_268' title='bbox 257 3291 294 3335; x_wconf 88' lang='lat' dir='ltr'>ac</span> <span class='ocrx_word' id='word_1_269' title='bbox 318 3274 525 3351; x_wconf 85' lang='lat' dir='ltr'>„priusquam</span> <span class='ocrx_word' id='word_1_270' title='bbox 550 3273 610 3334; x_wconf 91' lang='lat' dir='ltr'>hoc</span> <span class='ocrx_word' id='word_1_271' title='bbox 643 3273 759 3334; x_wconf 88' lang='lat' dir='ltr'>circulo</span> <span class='ocrx_word' id='word_1_272' title='bbox 785 3275 945 3335; x_wconf 86' lang='lat' dir='ltr'>excedas“</span> <span class='ocrx_word' id='word_1_273' title='bbox 973 3272 1092 3347; x_wconf 80' lang='lat' dir='ltr'>inquic‘</span> 
     </span>
     <span class='ocr_line' id='line_1_37' title="bbox 108 3356 1092 3435; baseline -0.005 -19"><span class='ocrx_word' id='word_1_274' title='bbox 108 3359 224 3430; x_wconf 89' lang='lat' dir='ltr'>„redde</span> <span class='ocrx_word' id='word_1_275' title='bbox 238 3374 432 3435; x_wconf 88' lang='lat' dir='ltr'>responsum,</span> <span class='ocrx_word' id='word_1_276' title='bbox 448 3357 567 3418; x_wconf 89' lang='lat' dir='ltr'>senatui</span> <span class='ocrx_word' id='word_1_277' title='bbox 582 3358 666 3433; x_wconf 92' lang='lat' dir='ltr'>quod</span> <span class='ocrx_word' id='word_1_278' title='bbox 677 3358 837 3417; x_wconf 82' lang='lat' dir='ltr'>referam.“</span> <span class='ocrx_word' id='word_1_279' title='bbox 859 3356 1092 3430; x_wconf 79' lang='lat' dir='ltr'>obstupefactus</span> 
     </span>
     <span class='ocr_line' id='line_1_38' title="bbox 109 3437 1092 3517; baseline -0.007 -16"><span class='ocrx_word' id='word_1_280' title='bbox 109 3451 169 3501; x_wconf 90' lang='lat' dir='ltr'>tam</span> <span class='ocrx_word' id='word_1_281' title='bbox 183 3443 318 3504; x_wconf 90' lang='lat' dir='ltr'>violento</span> <span class='ocrx_word' id='word_1_282' title='bbox 333 3443 461 3517; x_wconf 90' lang='lat' dir='ltr'>imperio</span> <span class='ocrx_word' id='word_1_283' title='bbox 473 3457 638 3517; x_wconf 88' lang='lat' dir='ltr'>parumper</span> <span class='ocrx_word' id='word_1_284' title='bbox 650 3457 718 3501; x_wconf 93' lang='lat' dir='ltr'>cum</span> <span class='ocrx_word' id='word_1_285' title='bbox 730 3439 923 3511; x_wconf 85' lang='lat' dir='ltr'>haesitasset,</span> <span class='ocrx_word' id='word_1_286' title='bbox 940 3437 1092 3509; x_wconf 85' lang='lat' dir='ltr'>„laciam“</span> 
     </span>
     <span class='ocr_line' id='line_1_39' title="bbox 111 3518 1091 3599; baseline -0.007 -15"><span class='ocrx_word' id='word_1_287' title='bbox 111 3523 208 3599; x_wconf 85' lang='lat' dir='ltr'>inquit</span> <span class='ocrx_word' id='word_1_288' title='bbox 222 3527 327 3599; x_wconf 91' lang='lat' dir='ltr'>„quod</span> <span class='ocrx_word' id='word_1_289' title='bbox 341 3532 446 3586; x_wconf 89' lang='lat' dir='ltr'>censet</span> <span class='ocrx_word' id='word_1_290' title='bbox 460 3530 616 3587; x_wconf 88' lang='lat' dir='ltr'>senatus.“</span> <span class='ocrx_word' id='word_1_291' title='bbox 639 3533 703 3586; x_wconf 87' lang='lat' dir='ltr'>tum</span> <span class='ocrx_word' id='word_1_292' title='bbox 719 3525 841 3587; x_wconf 89' lang='lat' dir='ltr'>demum</span> <span class='ocrx_word' id='word_1_293' title='bbox 855 3520 1001 3595; x_wconf 83' lang='lat' dir='ltr'>Popillius</span> <span class='ocrx_word' id='word_1_294' title='bbox 1016 3518 1091 3578; x_wconf 86' lang='lat' dir='ltr'>dex·</span> 
     </span>
    </p>
   </div>
   <div class='ocr_carea' id='block_1_3' title="bbox 0 0 1330 4017">
    <p class='ocr_par' dir='ltr' id='par_1_3' title="bbox 0 0 1330 4017">
     <span class='ocr_line' id='line_1_40' title="bbox 0 0 1330 4017; baseline 0 0"><span class='ocrx_word' id='word_1_295' title='bbox 0 0 1330 4017; x_wconf 95' lang='lat' dir='ltr'> </span> 
     </span>
    </p>
   </div>
  </div>
 </body>
</html>
