<?xml version="1.0" encoding="UTF-8"?>
<!DOCTYPE html PUBLIC "-//W3C//DTD XHTML 1.0 Transitional//EN"
    "http://www.w3.org/TR/xhtml1/DTD/xhtml1-transitional.dtd">
<html xmlns="http://www.w3.org/1999/xhtml" xml:lang="en" lang="en">
 <head>
  <title>
</title>
<meta http-equiv="Content-Type" content="text/html;charset=utf-8" />
  <meta name='ocr-system' content='tesseract 3.04.00' />
  <meta name='ocr-capabilities' content='ocr_page ocr_carea ocr_par ocr_line ocrx_word'/>
</head>
<body>
  <div class='ocr_page' id='page_1' title='image "./aburbeconditali01mlgoog_0044.png"; bbox 0 0 2642 4017; ppageno 0'>
   <div class='ocr_carea' id='block_1_1' title="bbox 237 277 1073 352">
    <p class='ocr_par' dir='ltr' id='par_1_1' title="bbox 237 277 1073 352">
     <span class='ocr_line' id='line_1_1' title="bbox 237 277 1073 352; baseline -0.002 -9"><span class='ocrx_word' id='word_1_1' title='bbox 237 280 278 345; x_wconf 86' lang='lat'>14</span> <span class='ocrx_word' id='word_1_2' title='bbox 373 280 489 339; x_wconf 79' lang='lat' dir='ltr'>LIBER</span> <span class='ocrx_word' id='word_1_3' title='bbox 502 277 634 338; x_wconf 81' lang='lat' dir='ltr'><strong>XXXIX.</strong></span> <span class='ocrx_word' id='word_1_4' title='bbox 658 278 854 341; x_wconf 59' lang='lat' dir='ltr'>cilP.1o.16.</span> <span class='ocrx_word' id='word_1_5' title='bbox 877 284 1073 352; x_wconf 75' lang='lat' dir='ltr'>[a.U.c.ooo]</span> 
     </span>
    </p>
   </div>
   <div class='ocr_carea' id='block_1_2' title="bbox 234 427 1213 757">
    <p class='ocr_par' dir='ltr' id='par_1_2' title="bbox 234 427 1213 757">
     <span class='ocr_line' id='line_1_2' title="bbox 234 427 1211 506; baseline 0.002 -13"><span class='ocrx_word' id='word_1_6' title='bbox 234 446 365 506; x_wconf 87' lang='lat' dir='ltr'>cumque</span> <span class='ocrx_word' id='word_1_7' title='bbox 378 430 538 493; x_wconf 90' lang='lat' dir='ltr'>multitudo</span> <span class='ocrx_word' id='word_1_8' title='bbox 554 437 651 504; x_wconf 88' lang='lat' dir='ltr'>esset,</span> <span class='ocrx_word' id='word_1_9' title='bbox 673 427 716 489; x_wconf 92' lang='lat' dir='ltr'>ibi</span> <span class='ocrx_word' id='word_1_10' title='bbox 730 436 759 490; x_wconf 90' lang='lat' dir='ltr'>et</span> <span class='ocrx_word' id='word_1_11' title='bbox 772 428 937 505; x_wconf 88' lang='lat' dir='ltr'>legitimum</span> <span class='ocrx_word' id='word_1_12' title='bbox 951 437 1101 491; x_wconf 85' lang='lat' dir='ltr'>rectorem</span> <span class='ocrx_word' id='word_1_13' title='bbox 1115 433 1211 495; x_wconf 87' lang='lat' dir='ltr'>nulti-</span> 
     </span>
     <span class='ocr_line' id='line_1_3' title="bbox 234 510 1212 589; baseline 0 -11"><span class='ocrx_word' id='word_1_14' title='bbox 234 514 346 578; x_wconf 80' lang='lat' dir='ltr'>tudinis</span> <span class='ocrx_word' id='word_1_15' title='bbox 361 515 528 576; x_wconf 77' lang='lat' dir='ltr'><strong>censebant</strong></span> <span class='ocrx_word' id='word_1_16' title='bbox 541 513 654 574; x_wconf 87' lang='lat' dir='ltr'>debere</span> <span class='ocrx_word' id='word_1_17' title='bbox 669 528 749 573; x_wconf 90' lang='lat' dir='ltr'>esse.</span> <span class='ocrx_word' id='word_1_18' title='bbox 778 514 884 588; x_wconf 85' lang='lat' dir='ltr'>quales</span> <span class='ocrx_word' id='word_1_19' title='bbox 899 510 1031 589; x_wconf 88' lang='lat' dir='ltr'>primum</span> <span class='ocrx_word' id='word_1_20' title='bbox 1044 520 1212 578; x_wconf 88' lang='lat' dir='ltr'>nocturnos</span> 
     </span>
     <span class='ocr_line' id='line_1_4' title="bbox 234 595 1212 674; baseline -0.001 -14"><span class='ocrx_word' id='word_1_21' title='bbox 234 608 350 673; x_wconf 89' lang='lat' dir='ltr'>coetus,</span> <span class='ocrx_word' id='word_1_22' title='bbox 366 598 479 659; x_wconf 89' lang='lat' dir='ltr'>deinde</span> <span class='ocrx_word' id='word_1_23' title='bbox 493 597 687 674; x_wconf 89' lang='lat' dir='ltr'>promiscuos</span> <span class='ocrx_word' id='word_1_24' title='bbox 701 595 860 656; x_wconf 89' lang='lat' dir='ltr'>mulierum</span> <span class='ocrx_word' id='word_1_25' title='bbox 871 612 908 656; x_wconf 90' lang='lat' dir='ltr'>ac</span> <span class='ocrx_word' id='word_1_26' title='bbox 918 597 1053 658; x_wconf 89' lang='lat' dir='ltr'>virorum</span> <span class='ocrx_word' id='word_1_27' title='bbox 1065 613 1137 658; x_wconf 89' lang='lat' dir='ltr'>esse</span> <span class='ocrx_word' id='word_1_28' title='bbox 1148 614 1212 659; x_wconf 89' lang='lat' dir='ltr'>cre·</span> 
     </span>
     <span class='ocr_line' id='line_1_5' title="bbox 234 678 1213 757; baseline 0 -13"><span class='ocrx_word' id='word_1_29' title='bbox 234 683 327 744; x_wconf 86' lang='lat' dir='ltr'>ditist</span> <span class='ocrx_word' id='word_1_30' title='bbox 357 683 384 742; x_wconf 91' lang='lat' dir='ltr'>si</span> <span class='ocrx_word' id='word_1_31' title='bbox 407 680 519 757; x_wconf 88' lang='lat' dir='ltr'>quibus</span> <span class='ocrx_word' id='word_1_32' title='bbox 540 680 689 741; x_wconf 87' lang='lat' dir='ltr'>aetatibus</span> <span class='ocrx_word' id='word_1_33' title='bbox 710 678 863 740; x_wconf 74' lang='lat' dir='ltr'>initientur</span> <span class='ocrx_word' id='word_1_34' title='bbox 882 695 984 740; x_wconf 88' lang='lat' dir='ltr'>mares</span> <span class='ocrx_word' id='word_1_35' title='bbox 1004 679 1125 756; x_wconf 89' lang='lat' dir='ltr'>sciatis,</span> <span class='ocrx_word' id='word_1_36' title='bbox 1151 700 1213 744; x_wconf 93' lang='lat' dir='ltr'>non</span> 
     </span>
    </p>
   </div>
   <div class='ocr_carea' id='block_1_3' title="bbox 233 763 1315 838">
    <p class='ocr_par' dir='ltr' id='par_1_3' title="bbox 233 763 1315 838">
     <span class='ocr_line' id='line_1_6' title="bbox 233 763 1315 838; baseline -0.001 -11"><span class='ocrx_word' id='word_1_37' title='bbox 233 767 378 827; x_wconf 87' lang='lat' dir='ltr'>misereat</span> <span class='ocrx_word' id='word_1_38' title='bbox 390 781 448 826; x_wconf 91' lang='lat' dir='ltr'>vos</span> <span class='ocrx_word' id='word_1_39' title='bbox 464 780 570 825; x_wconf 88' lang='lat' dir='ltr'>eorum</span> <span class='ocrx_word' id='word_1_40' title='bbox 584 764 694 834; x_wconf 90' lang='lat' dir='ltr'>solum,</span> <span class='ocrx_word' id='word_1_41' title='bbox 710 763 872 824; x_wconf 88' lang='lat' dir='ltr'>sedetiam</span> <span class='ocrx_word' id='word_1_42' title='bbox 887 763 1012 838; x_wconf 87' lang='lat' dir='ltr'>pudeat.</span> <span class='ocrx_word' id='word_1_43' title='bbox 1034 764 1095 825; x_wconf 90' lang='lat' dir='ltr'>hoc</span> <span class='ocrx_word' id='word_1_44' title='bbox 1108 781 1212 826; x_wconf 86' lang='lat' dir='ltr'>saera·</span> <span class='ocrx_word' id='word_1_45' title='bbox 1314 769 1315 772; x_wconf 75' lang='grc'>’</span> 
     </span>
    </p>
   </div>
   <div class='ocr_carea' id='block_1_4' title="bbox 230 844 1216 3596">
    <p class='ocr_par' dir='ltr' id='par_1_4' title="bbox 230 844 1216 3596">
     <span class='ocr_line' id='line_1_7' title="bbox 233 844 1211 924; baseline 0 -14"><span class='ocrx_word' id='word_1_46' title='bbox 233 860 334 911; x_wconf 88' lang='lat' dir='ltr'>mento</span> <span class='ocrx_word' id='word_1_47' title='bbox 356 849 488 909; x_wconf 89' lang='lat' dir='ltr'>initiatos</span> <span class='ocrx_word' id='word_1_48' title='bbox 503 848 629 908; x_wconf 87' lang='lat' dir='ltr'>iuvenes</span> <span class='ocrx_word' id='word_1_49' title='bbox 645 844 756 906; x_wconf 77' lang='lat' dir='ltr'>milites</span> <span class='ocrx_word' id='word_1_50' title='bbox 771 846 1092 920; x_wconf 78' lang='lat' dir='ltr'>iaciendos‘censetis‚</span> <span class='ocrx_word' id='word_1_51' title='bbox 1116 849 1211 924; x_wconf 78' lang='lat' dir='ltr'>Quiri-</span> 
     </span>
     <span class='ocr_line' id='line_1_8' title="bbox 234 927 1213 1014; baseline -0.003 -19"><span class='ocrx_word' id='word_1_52' title='bbox 234 940 302 995; x_wconf 80' lang='lat' dir='ltr'>test</span> <span class='ocrx_word' id='word_1_53' title='bbox 322 933 359 993; x_wconf 91' lang='lat' dir='ltr'>iis</span> <span class='ocrx_word' id='word_1_54' title='bbox 374 948 414 992; x_wconf 87' lang='lat' dir='ltr'>ex</span> <span class='ocrx_word' id='word_1_55' title='bbox 435 931 571 991; x_wconf 87' lang='lat' dir='ltr'>obsceno</span> <span class='ocrx_word' id='word_1_56' title='bbox 588 928 723 990; x_wconf 86' lang='lat' dir='ltr'>sacrario</span> <span class='ocrx_word' id='word_1_57' title='bbox 741 927 860 990; x_wconf 81' lang='lat' dir='ltr'>eductis</span> <span class='ocrx_word' id='word_1_58' title='bbox 883 928 967 991; x_wconf 78' lang='lat' dir='ltr'>arma</span> <span class='ocrx_word' id='word_1_59' title='bbox 979 932 1213 1014; x_wconf 81' lang='lat' dir='ltr'>committendal</span> 
     </span>
     <span class='ocr_line' id='line_1_9' title="bbox 233 1011 1211 1091; baseline 0.002 -16"><span class='ocrx_word' id='word_1_60' title='bbox 233 1017 263 1077; x_wconf 93' lang='lat' dir='ltr'>hi</span> <span class='ocrx_word' id='word_1_61' title='bbox 281 1014 419 1090; x_wconf 82' lang='lat' dir='ltr'>cooperti</span> <span class='ocrx_word' id='word_1_62' title='bbox 434 1015 550 1090; x_wconf 89' lang='lat' dir='ltr'>stupris</span> <span class='ocrx_word' id='word_1_63' title='bbox 561 1013 627 1074; x_wconf 92' lang='lat' dir='ltr'>suis</span> <span class='ocrx_word' id='word_1_64' title='bbox 638 1011 810 1088; x_wconf 84' lang='lat' dir='ltr'>alienisque</span> <span class='ocrx_word' id='word_1_65' title='bbox 821 1030 878 1088; x_wconf 91' lang='lat' dir='ltr'>pro</span> <span class='ocrx_word' id='word_1_66' title='bbox 890 1013 1037 1089; x_wconf 86' lang='lat' dir='ltr'>pudicitia</span> <span class='ocrx_word' id='word_1_67' title='bbox 1047 1016 1211 1091; x_wconf 86' lang='lat' dir='ltr'>coniugum</span> 
     </span>
     <span class='ocr_line' id='line_1_10' title="bbox 232 1092 1211 1174; baseline 0.002 -15"><span class='ocrx_word' id='word_1_68' title='bbox 232 1115 269 1159; x_wconf 88' lang='lat' dir='ltr'>ac</span> <span class='ocrx_word' id='word_1_69' title='bbox 285 1092 449 1160; x_wconf 87' lang='lat' dir='ltr'>liberor&#39;um</span> <span class='ocrx_word' id='word_1_70' title='bbox 471 1106 643 1159; x_wconf 87' lang='lat' dir='ltr'>vestrorum</span> <span class='ocrx_word' id='word_1_71' title='bbox 658 1097 739 1157; x_wconf 89' lang='lat' dir='ltr'>ierro</span> <span class='ocrx_word' id='word_1_72' title='bbox 754 1096 961 1160; x_wconf 77' lang='lat' dir='ltr'>decernent‘i</span> <span class='ocrx_word' id='word_1_73' title='bbox 990 1098 1069 1159; x_wconf 86' lang='lat' dir='ltr'><strong>XVI.</strong></span> <span class='ocrx_word' id='word_1_74' title='bbox 1091 1101 1211 1174; x_wconf 90' lang='lat' dir='ltr'>„minus</span> 
     </span>
     <span class='ocr_line' id='line_1_11' title="bbox 231 1178 1213 1260; baseline 0.003 -18"><span class='ocrx_word' id='word_1_75' title='bbox 231 1189 332 1242; x_wconf 85' lang='lat' dir='ltr'>tamen</span> <span class='ocrx_word' id='word_1_76' title='bbox 353 1189 451 1256; x_wconf 88' lang='lat' dir='ltr'>esset,</span> <span class='ocrx_word' id='word_1_77' title='bbox 473 1181 500 1242; x_wconf 89' lang='lat' dir='ltr'>si</span> <span class='ocrx_word' id='word_1_78' title='bbox 520 1180 643 1257; x_wconf 82' lang='lat' dir='ltr'>flagitiis</span> <span class='ocrx_word' id='word_1_79' title='bbox 657 1185 772 1240; x_wconf 88' lang='lat' dir='ltr'>tantum</span> <span class='ocrx_word' id='word_1_80' title='bbox 787 1178 952 1243; x_wconf 80' lang='lat' dir='ltr'>effeminati</span> <span class='ocrx_word' id='word_1_81' title='bbox 966 1181 1117 1243; x_wconf 88' lang='lat' dir='ltr'>lorent-</span> <span class='ocrx_word' id='word_1_82' title='bbox 1128 1182 1213 1260; x_wconf 91' lang='lat' dir='ltr'>ipso·</span> 
     </span>
     <span class='ocr_line' id='line_1_12' title="bbox 232 1263 1211 1341; baseline 0.006 -16"><span class='ocrx_word' id='word_1_83' title='bbox 232 1282 299 1326; x_wconf 92' lang='lat' dir='ltr'>rum</span> <span class='ocrx_word' id='word_1_84' title='bbox 326 1265 358 1325; x_wconf 92' lang='lat' dir='ltr'>id</span> <span class='ocrx_word' id='word_1_85' title='bbox 378 1282 489 1340; x_wconf 86' lang='lat' dir='ltr'>magna</span> <span class='ocrx_word' id='word_1_86' title='bbox 509 1282 549 1327; x_wconf 88' lang='lat' dir='ltr'>ex</span> <span class='ocrx_word' id='word_1_87' title='bbox 569 1270 655 1341; x_wconf 88' lang='lat' dir='ltr'>parte</span> <span class='ocrx_word' id='word_1_88' title='bbox 676 1263 813 1324; x_wconf 85' lang='lat' dir='ltr'>dedecus</span> <span class='ocrx_word' id='word_1_89' title='bbox 834 1272 964 1337; x_wconf 87' lang='lat' dir='ltr'>erat-‚</span> <span class='ocrx_word' id='word_1_90' title='bbox 986 1280 1006 1323; x_wconf 89' lang='lat' dir='ltr'>a</span> <span class='ocrx_word' id='word_1_91' title='bbox 1025 1266 1211 1332; x_wconf 81' lang='lat' dir='ltr'>iecinoribus</span> 
     </span>
     <span class='ocr_line' id='line_1_13' title="bbox 232 1346 1211 1425; baseline 0.004 -16"><span class='ocrx_word' id='word_1_92' title='bbox 232 1365 351 1423; x_wconf 88' lang='lat' dir='ltr'>manus,</span> <span class='ocrx_word' id='word_1_93' title='bbox 365 1357 497 1411; x_wconf 88' lang='lat' dir='ltr'>mentem</span> <span class='ocrx_word' id='word_1_94' title='bbox 512 1366 531 1409; x_wconf 86' lang='lat' dir='ltr'>a</span> <span class='ocrx_word' id='word_1_95' title='bbox 545 1348 703 1409; x_wconf 76' lang='lat' dir='ltr'>fraudibus</span> <span class='ocrx_word' id='word_1_96' title='bbox 718 1346 953 1409; x_wconf 71' lang='lat' dir='ltr'>abstinuissent:</span> <span class='ocrx_word' id='word_1_97' title='bbox 968 1365 1132 1425; x_wconf 86' lang='lat' dir='ltr'>numquam</span> <span class='ocrx_word' id='word_1_98' title='bbox 1148 1359 1211 1413; x_wconf 89' lang='lat' dir='ltr'>tan-</span> 
     </span>
     <span class='ocr_line' id='line_1_14' title="bbox 231 1431 1212 1510; baseline 0.003 -17"><span class='ocrx_word' id='word_1_99' title='bbox 231 1439 295 1494; x_wconf 91' lang='lat' dir='ltr'>tum</span> <span class='ocrx_word' id='word_1_100' title='bbox 309 1434 420 1495; x_wconf 86' lang='lat' dir='ltr'>malum</span> <span class='ocrx_word' id='word_1_101' title='bbox 434 1434 464 1494; x_wconf 92' lang='lat' dir='ltr'>in</span> <span class='ocrx_word' id='word_1_102' title='bbox 478 1449 513 1493; x_wconf 89' lang='lat' dir='ltr'>re</span> <span class='ocrx_word' id='word_1_103' title='bbox 528 1431 652 1508; x_wconf 89' lang='lat' dir='ltr'>publica</span> <span class='ocrx_word' id='word_1_104' title='bbox 666 1431 735 1505; x_wconf 87' lang='lat' dir='ltr'>init,</span> <span class='ocrx_word' id='word_1_105' title='bbox 750 1446 809 1491; x_wconf 91' lang='lat' dir='ltr'>nec</span> <span class='ocrx_word' id='word_1_106' title='bbox 824 1431 863 1491; x_wconf 91' lang='lat' dir='ltr'>ad</span> <span class='ocrx_word' id='word_1_107' title='bbox 877 1433 983 1507; x_wconf 85' lang='lat' dir='ltr'>plnres</span> <span class='ocrx_word' id='word_1_108' title='bbox 997 1448 1055 1492; x_wconf 91' lang='lat' dir='ltr'>nec</span> <span class='ocrx_word' id='word_1_109' title='bbox 1071 1435 1110 1493; x_wconf 91' lang='lat' dir='ltr'>ad</span> <span class='ocrx_word' id='word_1_110' title='bbox 1124 1436 1212 1510; x_wconf 88' lang='lat' dir='ltr'>plura</span> 
     </span>
     <span class='ocr_line' id='line_1_15' title="bbox 233 1513 1211 1592; baseline 0.001 -16"><span class='ocrx_word' id='word_1_111' title='bbox 233 1515 399 1592; x_wconf 80' lang='lat' dir='ltr'>pertinens.</span> <span class='ocrx_word' id='word_1_112' title='bbox 434 1513 585 1592; x_wconf 89' lang='lat' dir='ltr'>quidquid</span> <span class='ocrx_word' id='word_1_113' title='bbox 599 1514 647 1575; x_wconf 79' lang='lat' dir='ltr'>liis</span> <span class='ocrx_word' id='word_1_114' title='bbox 662 1514 751 1574; x_wconf 89' lang='lat' dir='ltr'>annis</span> <span class='ocrx_word' id='word_1_115' title='bbox 766 1513 907 1590; x_wconf 82' lang='lat' dir='ltr'>libidine,</span> <span class='ocrx_word' id='word_1_116' title='bbox 930 1515 1080 1591; x_wconf 89' lang='lat' dir='ltr'>quidquid</span> <span class='ocrx_word' id='word_1_117' title='bbox 1096 1518 1211 1592; x_wconf 79' lang='lat' dir='ltr'>fraude,</span> 
     </span>
     <span class='ocr_line' id='line_1_16' title="bbox 233 1598 1212 1676; baseline 0 -16"><span class='ocrx_word' id='word_1_118' title='bbox 233 1600 384 1675; x_wconf 91' lang='lat' dir='ltr'>quidquid</span> <span class='ocrx_word' id='word_1_119' title='bbox 404 1602 522 1660; x_wconf 88' lang='lat' dir='ltr'>scelere</span> <span class='ocrx_word' id='word_1_120' title='bbox 542 1605 701 1676; x_wconf 87' lang='lat' dir='ltr'>peccatum</span> <span class='ocrx_word' id='word_1_121' title='bbox 719 1604 782 1672; x_wconf 86' lang='lat' dir='ltr'>est,</span> <span class='ocrx_word' id='word_1_122' title='bbox 804 1614 844 1658; x_wconf 88' lang='lat' dir='ltr'>ex</span> <span class='ocrx_word' id='word_1_123' title='bbox 858 1598 910 1659; x_wconf 90' lang='lat' dir='ltr'>illo</span> <span class='ocrx_word' id='word_1_124' title='bbox 924 1615 986 1660; x_wconf 91' lang='lat' dir='ltr'>uno</span> <span class='ocrx_word' id='word_1_125' title='bbox 1001 1599 1137 1659; x_wconf 88' lang='lat' dir='ltr'>sacrario</span> <span class='ocrx_word' id='word_1_126' title='bbox 1153 1601 1212 1660; x_wconf 90' lang='lat' dir='ltr'>sci-</span> 
     </span>
     <span class='ocr_line' id='line_1_17' title="bbox 232 1680 1212 1757; baseline -0.001 -14"><span class='ocrx_word' id='word_1_127' title='bbox 232 1690 295 1744; x_wconf 90' lang='lat' dir='ltr'>tote</span> <span class='ocrx_word' id='word_1_128' title='bbox 310 1691 409 1743; x_wconf 84' lang='lat' dir='ltr'>ortum</span> <span class='ocrx_word' id='word_1_129' title='bbox 423 1699 504 1743; x_wconf 90' lang='lat' dir='ltr'>esse.</span> <span class='ocrx_word' id='word_1_130' title='bbox 537 1682 669 1742; x_wconf 86' lang='lat' dir='ltr'>necdum</span> <span class='ocrx_word' id='word_1_131' title='bbox 684 1683 801 1754; x_wconf 90' lang='lat' dir='ltr'>omnia,</span> <span class='ocrx_word' id='word_1_132' title='bbox 823 1680 854 1742; x_wconf 91' lang='lat' dir='ltr'>in</span> <span class='ocrx_word' id='word_1_133' title='bbox 871 1698 951 1757; x_wconf 85' lang='lat' dir='ltr'>quae</span> <span class='ocrx_word' id='word_1_134' title='bbox 966 1680 1212 1757; x_wconf 86' lang='lat' dir='ltr'>coniuraverunt,</span> 
     </span>
     <span class='ocr_line' id='line_1_18' title="bbox 232 1763 1212 1841; baseline 0 -14"><span class='ocrx_word' id='word_1_135' title='bbox 232 1764 314 1827; x_wconf 90' lang='lat' dir='ltr'>edita</span> <span class='ocrx_word' id='word_1_136' title='bbox 328 1766 465 1828; x_wconf 77' lang='lat' dir='ltr'>facinora</span> <span class='ocrx_word' id='word_1_137' title='bbox 474 1765 595 1827; x_wconf 86' lang='lat' dir='ltr'>habent</span> <span class='ocrx_word' id='word_1_138' title='bbox 618 1766 719 1827; x_wconf 88' lang='lat' dir='ltr'>adhuc</span> <span class='ocrx_word' id='word_1_139' title='bbox 731 1763 858 1840; x_wconf 88' lang='lat' dir='ltr'>privatis</span> <span class='ocrx_word' id='word_1_140' title='bbox 868 1764 978 1839; x_wconf 89' lang='lat' dir='ltr'>noxiis,</span> <span class='ocrx_word' id='word_1_141' title='bbox 995 1765 1067 1841; x_wconf 89' lang='lat' dir='ltr'>quia</span> <span class='ocrx_word' id='word_1_142' title='bbox 1078 1766 1212 1827; x_wconf 88' lang='lat' dir='ltr'>nondum</span> 
     </span>
     <span class='ocr_line' id='line_1_19' title="bbox 233 1846 1212 1926; baseline 0 -14"><span class='ocrx_word' id='word_1_143' title='bbox 233 1852 351 1912; x_wconf 85' lang='lat' dir='ltr'>adrem</span> <span class='ocrx_word' id='word_1_144' title='bbox 372 1850 526 1926; x_wconf 85' lang='lat' dir='ltr'>publicam</span> <span class='ocrx_word' id='word_1_145' title='bbox 545 1848 777 1926; x_wconf 85' lang='lat' dir='ltr'>opprimendam</span> <span class='ocrx_word' id='word_1_146' title='bbox 798 1848 873 1909; x_wconf 90' lang='lat' dir='ltr'>satis</span> <span class='ocrx_word' id='word_1_147' title='bbox 893 1846 1002 1909; x_wconf 85' lang='lat' dir='ltr'>virium</span> <span class='ocrx_word' id='word_1_148' title='bbox 1022 1856 1085 1921; x_wconf 84' lang='lat' dir='ltr'>est,</span> <span class='ocrx_word' id='word_1_149' title='bbox 1107 1850 1212 1912; x_wconf 90' lang='lat' dir='ltr'>coniu-</span> 
     </span>
     <span class='ocr_line' id='line_1_20' title="bbox 231 1931 1212 2009; baseline -0.003 -14"><span class='ocrx_word' id='word_1_150' title='bbox 231 1936 309 1995; x_wconf 88' lang='lat' dir='ltr'>ratio</span> <span class='ocrx_word' id='word_1_151' title='bbox 329 1949 402 1995; x_wconf 87' lang='lat' dir='ltr'>sese</span> <span class='ocrx_word' id='word_1_152' title='bbox 422 1934 516 2009; x_wconf 87' lang='lat' dir='ltr'>impia</span> <span class='ocrx_word' id='word_1_153' title='bbox 535 1940 626 1994; x_wconf 85' lang='lat' dir='ltr'>tenet.</span> <span class='ocrx_word' id='word_1_154' title='bbox 655 1934 766 1993; x_wconf 89' lang='lat' dir='ltr'>crescit</span> <span class='ocrx_word' id='word_1_155' title='bbox 786 1940 817 1993; x_wconf 89' lang='lat' dir='ltr'>et</span> <span class='ocrx_word' id='word_1_156' title='bbox 830 1931 926 2007; x_wconf 88' lang='lat' dir='ltr'>serpit</span> <span class='ocrx_word' id='word_1_157' title='bbox 941 1931 1078 2006; x_wconf 88' lang='lat' dir='ltr'>qnotidie</span> <span class='ocrx_word' id='word_1_158' title='bbox 1090 1936 1212 1993; x_wconf 90' lang='lat' dir='ltr'>malum.</span> 
     </span>
     <span class='ocr_line' id='line_1_21' title="bbox 232 2015 1212 2092; baseline -0.006 -15"><span class='ocrx_word' id='word_1_159' title='bbox 232 2019 290 2077; x_wconf 91' lang='lat' dir='ltr'>iam</span> <span class='ocrx_word' id='word_1_160' title='bbox 306 2015 404 2077; x_wconf 91' lang='lat' dir='ltr'>maius</span> <span class='ocrx_word' id='word_1_161' title='bbox 420 2025 481 2090; x_wconf 90' lang='lat' dir='ltr'>est,</span> <span class='ocrx_word' id='word_1_162' title='bbox 504 2032 595 2092; x_wconf 90' lang='lat' dir='ltr'>quam</span> <span class='ocrx_word' id='word_1_163' title='bbox 609 2024 644 2077; x_wconf 89' lang='lat' dir='ltr'>ut</span> <span class='ocrx_word' id='word_1_164' title='bbox 658 2030 770 2091; x_wconf 83' lang='lat' dir='ltr'>capere</span> <span class='ocrx_word' id='word_1_165' title='bbox 783 2015 816 2075; x_wconf 93' lang='lat' dir='ltr'>id</span> <span class='ocrx_word' id='word_1_166' title='bbox 831 2015 948 2090; x_wconf 84' lang='lat' dir='ltr'>private</span> <span class='ocrx_word' id='word_1_167' title='bbox 963 2016 1084 2077; x_wconf 87' lang='lat' dir='ltr'>iortuna</span> <span class='ocrx_word' id='word_1_168' title='bbox 1097 2017 1212 2091; x_wconf 66' lang='lat' dir='ltr'>possita</span> 
     </span>
     <span class='ocr_line' id='line_1_22' title="bbox 232 2096 1212 2175; baseline -0.001 -15"><span class='ocrx_word' id='word_1_169' title='bbox 232 2101 272 2160; x_wconf 88' lang='lat' dir='ltr'>ad</span> <span class='ocrx_word' id='word_1_170' title='bbox 288 2116 437 2161; x_wconf 91' lang='lat' dir='ltr'>summam</span> <span class='ocrx_word' id='word_1_171' title='bbox 457 2115 523 2159; x_wconf 88' lang='lat' dir='ltr'>rem</span> <span class='ocrx_word' id='word_1_172' title='bbox 538 2096 691 2173; x_wconf 88' lang='lat' dir='ltr'>publicam</span> <span class='ocrx_word' id='word_1_173' title='bbox 706 2105 834 2173; x_wconf 83' lang='lat' dir='ltr'>spectat</span> <span class='ocrx_word' id='word_1_174' title='bbox 857 2097 916 2159; x_wconf 92' lang='lat' dir='ltr'>nisi</span> <span class='ocrx_word' id='word_1_175' title='bbox 926 2100 1131 2175; x_wconf 86' lang='lat' dir='ltr'>praecavetis,</span> <span class='ocrx_word' id='word_1_176' title='bbox 1142 2099 1212 2172; x_wconf 82' lang='lat' dir='ltr'>pui-</span> 
     </span>
     <span class='ocr_line' id='line_1_23' title="bbox 231 2179 1213 2258; baseline 0.002 -17"><span class='ocrx_word' id='word_1_177' title='bbox 231 2183 320 2255; x_wconf 89' lang='lat' dir='ltr'>rites,</span> <span class='ocrx_word' id='word_1_178' title='bbox 336 2181 395 2242; x_wconf 87' lang='lat' dir='ltr'>iarn</span> <span class='ocrx_word' id='word_1_179' title='bbox 411 2180 482 2243; x_wconf 89' lang='lat' dir='ltr'>huic</span> <span class='ocrx_word' id='word_1_180' title='bbox 497 2182 639 2256; x_wconf 87' lang='lat' dir='ltr'>diurnae,</span> <span class='ocrx_word' id='word_1_181' title='bbox 654 2179 787 2256; x_wconf 77' lang='lat' dir='ltr'>legitime</span> <span class='ocrx_word' id='word_1_182' title='bbox 801 2181 840 2242; x_wconf 89' lang='lat' dir='ltr'>ab</span> <span class='ocrx_word' id='word_1_183' title='bbox 855 2185 1140 2254; x_wconf 74' lang='lat' dir='ltr'>consummantes,</span> <span class='ocrx_word' id='word_1_184' title='bbox 1155 2199 1213 2258; x_wconf 86' lang='lat' dir='ltr'>par</span> 
     </span>
     <span class='ocr_line' id='line_1_24' title="bbox 232 2262 1210 2341; baseline -0.003 -15"><span class='ocrx_word' id='word_1_185' title='bbox 232 2272 381 2327; x_wconf 90' lang='lat' dir='ltr'>nocturna</span> <span class='ocrx_word' id='word_1_186' title='bbox 396 2266 498 2327; x_wconf 87' lang='lat' dir='ltr'>contio</span> <span class='ocrx_word' id='word_1_187' title='bbox 514 2281 586 2326; x_wconf 86' lang='lat' dir='ltr'>esse</span> <span class='ocrx_word' id='word_1_188' title='bbox 600 2264 719 2340; x_wconf 86' lang='lat' dir='ltr'>poterit</span> <span class='ocrx_word' id='word_1_189' title='bbox 742 2280 824 2325; x_wconf 86' lang='lat' dir='ltr'>nune</span> <span class='ocrx_word' id='word_1_190' title='bbox 838 2262 881 2325; x_wconf 91' lang='lat' dir='ltr'>illi</span> <span class='ocrx_word' id='word_1_191' title='bbox 894 2282 953 2327; x_wconf 90' lang='lat' dir='ltr'>vos</span> <span class='ocrx_word' id='word_1_192' title='bbox 964 2264 1077 2341; x_wconf 83' lang='lat' dir='ltr'>singuli</span> <span class='ocrx_word' id='word_1_193' title='bbox 1088 2266 1210 2328; x_wconf 88' lang='lat' dir='ltr'>univer-</span> 
     </span>
     <span class='ocr_line' id='line_1_25' title="bbox 232 2346 1213 2425; baseline -0.005 -14"><span class='ocrx_word' id='word_1_194' title='bbox 232 2366 286 2411; x_wconf 92' lang='lat' dir='ltr'>sos</span> <span class='ocrx_word' id='word_1_195' title='bbox 302 2350 513 2412; x_wconf 89' lang='lat' dir='ltr'>contionantes</span> <span class='ocrx_word' id='word_1_196' title='bbox 527 2350 646 2411; x_wconf 75' lang='lat' dir='ltr'>dmoni:</span> <span class='ocrx_word' id='word_1_197' title='bbox 671 2346 731 2409; x_wconf 90' lang='lat' dir='ltr'>iam</span> <span class='ocrx_word' id='word_1_198' title='bbox 745 2349 798 2410; x_wconf 90' lang='lat' dir='ltr'>ubi</span> <span class='ocrx_word' id='word_1_199' title='bbox 814 2365 870 2410; x_wconf 91' lang='lat' dir='ltr'>vos</span> <span class='ocrx_word' id='word_1_200' title='bbox 886 2348 997 2425; x_wconf 82' lang='lat' dir='ltr'>dilapsi</span> <span class='ocrx_word' id='word_1_201' title='bbox 1012 2351 1122 2411; x_wconf 90' lang='lat' dir='ltr'>domos</span> <span class='ocrx_word' id='word_1_202' title='bbox 1138 2356 1168 2409; x_wconf 88' lang='lat' dir='ltr'>et</span> <span class='ocrx_word' id='word_1_203' title='bbox 1181 2348 1213 2407; x_wconf 92' lang='lat' dir='ltr'>in</span> 
     </span>
     <span class='ocr_line' id='line_1_26' title="bbox 231 2432 1213 2506; baseline 0 -13"><span class='ocrx_word' id='word_1_204' title='bbox 231 2451 304 2494; x_wconf 86' lang='lat' dir='ltr'>rura</span> <span class='ocrx_word' id='word_1_205' title='bbox 318 2441 421 2496; x_wconf 89' lang='lat' dir='ltr'>vestra</span> <span class='ocrx_word' id='word_1_206' title='bbox 435 2433 528 2506; x_wconf 87' lang='lat' dir='ltr'>critis,</span> <span class='ocrx_word' id='word_1_207' title='bbox 544 2433 586 2493; x_wconf 90' lang='lat' dir='ltr'>illi</span> <span class='ocrx_word' id='word_1_208' title='bbox 601 2432 737 2506; x_wconf 83' lang='lat' dir='ltr'>coierint,</span> <span class='ocrx_word' id='word_1_209' title='bbox 757 2432 974 2493; x_wconf 84' lang='lat' dir='ltr'>consultabunt</span> <span class='ocrx_word' id='word_1_210' title='bbox 987 2432 1027 2493; x_wconf 87' lang='lat' dir='ltr'>dc</span> <span class='ocrx_word' id='word_1_211' title='bbox 1042 2449 1100 2493; x_wconf 90' lang='lat' dir='ltr'>sua</span> <span class='ocrx_word' id='word_1_212' title='bbox 1114 2433 1213 2493; x_wconf 90' lang='lat' dir='ltr'>salute</span> 
     </span>
     <span class='ocr_line' id='line_1_27' title="bbox 231 2514 1213 2592; baseline -0.002 -14"><span class='ocrx_word' id='word_1_213' title='bbox 231 2516 322 2578; x_wconf 90' lang='lat' dir='ltr'>simul</span> <span class='ocrx_word' id='word_1_214' title='bbox 347 2533 384 2577; x_wconf 84' lang='lat' dir='ltr'>an</span> <span class='ocrx_word' id='word_1_215' title='bbox 411 2525 513 2576; x_wconf 87' lang='lat' dir='ltr'>vestra</span> <span class='ocrx_word' id='word_1_216' title='bbox 536 2516 688 2592; x_wconf 81' lang='lat' dir='ltr'>pernicie:</span> <span class='ocrx_word' id='word_1_217' title='bbox 720 2522 783 2577; x_wconf 89' lang='lat' dir='ltr'>tum</span> <span class='ocrx_word' id='word_1_218' title='bbox 808 2514 937 2591; x_wconf 83' lang='lat' dir='ltr'>singulis</span> <span class='ocrx_word' id='word_1_219' title='bbox 962 2514 1052 2576; x_wconf 90' lang='lat' dir='ltr'>vobis</span> <span class='ocrx_word' id='word_1_220' title='bbox 1075 2516 1213 2577; x_wconf 87' lang='lat' dir='ltr'>universi</span> 
     </span>
     <span class='ocr_line' id='line_1_28' title="bbox 231 2597 1211 2676; baseline -0.001 -15"><span class='ocrx_word' id='word_1_221' title='bbox 231 2600 355 2661; x_wconf 86' lang='lat' dir='ltr'>timendi</span> <span class='ocrx_word' id='word_1_222' title='bbox 374 2607 470 2660; x_wconf 89' lang='lat' dir='ltr'>erunt.</span> <span class='ocrx_word' id='word_1_223' title='bbox 504 2606 612 2676; x_wconf 86' lang='lat' dir='ltr'>optare</span> <span class='ocrx_word' id='word_1_224' title='bbox 625 2597 717 2675; x_wconf 83' lang='lat' dir='ltr'>igitur</span> <span class='ocrx_word' id='word_1_225' title='bbox 731 2598 946 2675; x_wconf 89' lang='lat' dir='ltr'>unusquisque</span> <span class='ocrx_word' id='word_1_226' title='bbox 960 2606 1096 2662; x_wconf 85' lang='lat' dir='ltr'>vestrum</span> <span class='ocrx_word' id='word_1_227' title='bbox 1112 2600 1211 2673; x_wconf 88' lang='lat' dir='ltr'>debet,</span> 
     </span>
     <span class='ocr_line' id='line_1_29' title="bbox 232 2680 1215 2758; baseline -0.002 -14"><span class='ocrx_word' id='word_1_228' title='bbox 232 2690 264 2744; x_wconf 89' lang='lat' dir='ltr'>ut</span> <span class='ocrx_word' id='word_1_229' title='bbox 277 2681 361 2744; x_wconf 88' lang='lat' dir='ltr'>bona</span> <span class='ocrx_word' id='word_1_230' title='bbox 375 2700 461 2743; x_wconf 88' lang='lat' dir='ltr'>mens</span> <span class='ocrx_word' id='word_1_231' title='bbox 473 2680 539 2744; x_wconf 90' lang='lat' dir='ltr'>suis</span> <span class='ocrx_word' id='word_1_232' title='bbox 552 2681 693 2744; x_wconf 91' lang='lat' dir='ltr'>omnibus</span> <span class='ocrx_word' id='word_1_233' title='bbox 705 2683 803 2744; x_wconf 88' lang='lat' dir='ltr'>luerit.</span> <span class='ocrx_word' id='word_1_234' title='bbox 825 2683 853 2744; x_wconf 89' lang='lat' dir='ltr'>si</span> <span class='ocrx_word' id='word_1_235' title='bbox 865 2698 956 2758; x_wconf 84' lang='lat' dir='ltr'>quem</span> <span class='ocrx_word' id='word_1_236' title='bbox 968 2681 1072 2758; x_wconf 91' lang='lat' dir='ltr'>libido,</span> <span class='ocrx_word' id='word_1_237' title='bbox 1088 2683 1115 2744; x_wconf 90' lang='lat' dir='ltr'>si</span> <span class='ocrx_word' id='word_1_238' title='bbox 1127 2684 1215 2743; x_wconf 85' lang='lat' dir='ltr'>furor</span> 
     </span>
     <span class='ocr_line' id='line_1_30' title="bbox 231 2763 1211 2844; baseline 0.001 -19"><span class='ocrx_word' id='word_1_239' title='bbox 231 2764 262 2826; x_wconf 93' lang='lat' dir='ltr'>in</span> <span class='ocrx_word' id='word_1_240' title='bbox 283 2766 366 2826; x_wconf 91' lang='lat' dir='ltr'>illum</span> <span class='ocrx_word' id='word_1_241' title='bbox 391 2766 538 2842; x_wconf 76' lang='lat' dir='ltr'>gurgitem</span> <span class='ocrx_word' id='word_1_242' title='bbox 560 2766 707 2840; x_wconf 87' lang='lat' dir='ltr'>abripuit,</span> <span class='ocrx_word' id='word_1_243' title='bbox 731 2766 850 2828; x_wconf 88' lang='lat' dir='ltr'>illorum</span> <span class='ocrx_word' id='word_1_244' title='bbox 871 2782 941 2827; x_wconf 88' lang='lat' dir='ltr'>cum</span> <span class='ocrx_word' id='word_1_245' title='bbox 961 2782 1031 2828; x_wconf 89' lang='lat' dir='ltr'>cum</span> <span class='ocrx_word' id='word_1_246' title='bbox 1046 2763 1163 2844; x_wconf 76' lang='lat' dir='ltr'>&#39;quibus</span> <span class='ocrx_word' id='word_1_247' title='bbox 1180 2767 1211 2826; x_wconf 90' lang='lat' dir='ltr'>in</span> 
     </span>
     <span class='ocr_line' id='line_1_31' title="bbox 232 2847 1216 2926; baseline 0.003 -15"><span class='ocrx_word' id='word_1_248' title='bbox 232 2865 323 2911; x_wconf 87' lang='lat' dir='ltr'>omne</span> <span class='ocrx_word' id='word_1_249' title='bbox 344 2848 491 2926; x_wconf 81' lang='lat' dir='ltr'>flagitium</span> <span class='ocrx_word' id='word_1_250' title='bbox 512 2858 542 2911; x_wconf 88' lang='lat' dir='ltr'>et</span> <span class='ocrx_word' id='word_1_251' title='bbox 563 2850 683 2910; x_wconf 88' lang='lat' dir='ltr'>lacinus</span> <span class='ocrx_word' id='word_1_252' title='bbox 705 2847 889 2923; x_wconf 86' lang='lat' dir='ltr'>coniuravit,</span> <span class='ocrx_word' id='word_1_253' title='bbox 912 2866 974 2911; x_wconf 91' lang='lat' dir='ltr'>non</span> <span class='ocrx_word' id='word_1_254' title='bbox 994 2866 1084 2912; x_wconf 91' lang='lat' dir='ltr'>suum</span> <span class='ocrx_word' id='word_1_255' title='bbox 1098 2848 1216 2914; x_wconf 83' lang='lat' dir='ltr'>iudicet</span> 
     </span>
     <span class='ocr_line' id='line_1_32' title="bbox 231 2931 1211 3010; baseline -0.001 -17"><span class='ocrx_word' id='word_1_256' title='bbox 231 2948 313 2995; x_wconf 89' lang='lat' dir='ltr'>esse.</span> <span class='ocrx_word' id='word_1_257' title='bbox 340 2949 379 2993; x_wconf 87' lang='lat' dir='ltr'>ne</span> <span class='ocrx_word' id='word_1_258' title='bbox 394 2932 464 3009; x_wconf 88' lang='lat' dir='ltr'>quis</span> <span class='ocrx_word' id='word_1_259' title='bbox 479 2931 570 2993; x_wconf 89' lang='lat' dir='ltr'>etiarn</span> <span class='ocrx_word' id='word_1_260' title='bbox 584 2949 690 2994; x_wconf 86' lang='lat' dir='ltr'>errore</span> <span class='ocrx_word' id='word_1_261' title='bbox 704 2933 823 2995; x_wconf 89' lang='lat' dir='ltr'>labatur</span> <span class='ocrx_word' id='word_1_262' title='bbox 836 2942 972 2995; x_wconf 89' lang='lat' dir='ltr'>vestrum</span> <span class='ocrx_word' id='word_1_263' title='bbox 988 2950 1127 3010; x_wconf 89' lang='lat' dir='ltr'>quoque,</span> <span class='ocrx_word' id='word_1_264' title='bbox 1148 2950 1211 2993; x_wconf 93' lang='lat' dir='ltr'>non</span> 
     </span>
     <span class='ocr_line' id='line_1_33' title="bbox 232 3014 1211 3093; baseline -0.001 -16"><span class='ocrx_word' id='word_1_265' title='bbox 232 3033 299 3077; x_wconf 89' lang='lat' dir='ltr'>sum</span> <span class='ocrx_word' id='word_1_266' title='bbox 322 3033 461 3078; x_wconf 87' lang='lat' dir='ltr'>securus.</span> <span class='ocrx_word' id='word_1_267' title='bbox 494 3014 567 3077; x_wconf 89' lang='lat' dir='ltr'>nibil</span> <span class='ocrx_word' id='word_1_268' title='bbox 589 3018 720 3078; x_wconf 89' lang='lat' dir='ltr'>enimin</span> <span class='ocrx_word' id='word_1_269' title='bbox 741 3015 878 3093; x_wconf 87' lang='lat' dir='ltr'>speciem</span> <span class='ocrx_word' id='word_1_270' title='bbox 899 3014 1038 3079; x_wconf 77' lang='lat' dir='ltr'>tenacius</span> <span class='ocrx_word' id='word_1_271' title='bbox 1058 3024 1107 3079; x_wconf 88' lang='lat' dir='ltr'>est</span> <span class='ocrx_word' id='word_1_272' title='bbox 1121 3032 1211 3092; x_wconf 86' lang='lat' dir='ltr'>quam</span> 
     </span>
     <span class='ocr_line' id='line_1_34' title="bbox 231 3098 1210 3178; baseline 0.001 -19"><span class='ocrx_word' id='word_1_273' title='bbox 231 3116 328 3176; x_wconf 90' lang='lat' dir='ltr'>prava</span> <span class='ocrx_word' id='word_1_274' title='bbox 342 3098 457 3175; x_wconf 85' lang='lat' dir='ltr'>religio.</span> <span class='ocrx_word' id='word_1_275' title='bbox 479 3101 532 3162; x_wconf 90' lang='lat' dir='ltr'>nbi</span> <span class='ocrx_word' id='word_1_276' title='bbox 548 3101 676 3162; x_wconf 89' lang='lat' dir='ltr'>deorum</span> <span class='ocrx_word' id='word_1_277' title='bbox 690 3116 800 3162; x_wconf 90' lang='lat' dir='ltr'>numen</span> <span class='ocrx_word' id='word_1_278' title='bbox 812 3101 1021 3178; x_wconf 88' lang='lat' dir='ltr'>praetenditur</span> <span class='ocrx_word' id='word_1_279' title='bbox 1031 3099 1210 3173; x_wconf 84' lang='lat' dir='ltr'>sceleribus,</span> 
     </span>
     <span class='ocr_line' id='line_1_35' title="bbox 232 3183 1212 3259; baseline -0.002 -14"><span class='ocrx_word' id='word_1_280' title='bbox 232 3183 314 3245; x_wconf 90' lang='lat' dir='ltr'>subit</span> <span class='ocrx_word' id='word_1_281' title='bbox 332 3184 465 3245; x_wconf 88' lang='lat' dir='ltr'>animum</span> <span class='ocrx_word' id='word_1_282' title='bbox 486 3185 590 3259; x_wconf 92' lang='lat' dir='ltr'>timor,</span> <span class='ocrx_word' id='word_1_283' title='bbox 615 3200 654 3245; x_wconf 90' lang='lat' dir='ltr'>ne</span> <span class='ocrx_word' id='word_1_284' title='bbox 675 3184 834 3247; x_wconf 77' lang='lat' dir='ltr'>fraudibus</span> <span class='ocrx_word' id='word_1_285' title='bbox 855 3183 997 3246; x_wconf 88' lang='lat' dir='ltr'>humanis</span> <span class='ocrx_word' id='word_1_286' title='bbox 1018 3183 1212 3245; x_wconf 88' lang='lat' dir='ltr'>vindicandis</span> 
     </span>
     <span class='ocr_line' id='line_1_36' title="bbox 231 3265 1212 3344; baseline -0.003 -16"><span class='ocrx_word' id='word_1_287' title='bbox 231 3265 326 3328; x_wconf 90' lang='lat' dir='ltr'>divini</span> <span class='ocrx_word' id='word_1_288' title='bbox 340 3267 414 3328; x_wconf 92' lang='lat' dir='ltr'>iuris</span> <span class='ocrx_word' id='word_1_289' title='bbox 429 3267 547 3344; x_wconf 89' lang='lat' dir='ltr'>aliquid</span> <span class='ocrx_word' id='word_1_290' title='bbox 560 3265 728 3328; x_wconf 86' lang='lat' dir='ltr'>immixtum</span> <span class='ocrx_word' id='word_1_291' title='bbox 741 3268 901 3331; x_wconf 89' lang='lat' dir='ltr'>violemus.</span> <span class='ocrx_word' id='word_1_292' title='bbox 922 3269 981 3330; x_wconf 88' lang='lat' dir='ltr'>hae</span> <span class='ocrx_word' id='word_1_293' title='bbox 994 3283 1052 3330; x_wconf 90' lang='lat' dir='ltr'>vos</span> <span class='ocrx_word' id='word_1_294' title='bbox 1063 3267 1212 3343; x_wconf 85' lang='lat' dir='ltr'>religione</span> 
     </span>
     <span class='ocr_line' id='line_1_37' title="bbox 231 3350 1209 3427; baseline -0.002 -17"><span class='ocrx_word' id='word_1_295' title='bbox 231 3351 462 3412; x_wconf 88' lang='lat' dir='ltr'>innumerabilia</span> <span class='ocrx_word' id='word_1_296' title='bbox 484 3352 607 3413; x_wconf 87' lang='lat' dir='ltr'>decreta</span> <span class='ocrx_word' id='word_1_297' title='bbox 622 3352 816 3427; x_wconf 84' lang='lat' dir='ltr'>pontificum,</span> <span class='ocrx_word' id='word_1_298' title='bbox 838 3354 1135 3424; x_wconf 85' lang='lat' dir='ltr'>senatusconsulta,</span> <span class='ocrx_word' id='word_1_299' title='bbox 1156 3350 1209 3409; x_wconf 90' lang='lat' dir='ltr'>ha-</span> 
     </span>
     <span class='ocr_line' id='line_1_38' title="bbox 230 3434 1211 3512; baseline -0.005 -15"><span class='ocrx_word' id='word_1_300' title='bbox 230 3436 388 3512; x_wconf 87' lang='lat' dir='ltr'>rusplcun</span> <span class='ocrx_word' id='word_1_301' title='bbox 400 3436 535 3511; x_wconf 87' lang='lat' dir='ltr'>denique</span> <span class='ocrx_word' id='word_1_302' title='bbox 544 3451 698 3511; x_wconf 86' lang='lat' dir='ltr'>responsa</span> <span class='ocrx_word' id='word_1_303' title='bbox 710 3434 855 3498; x_wconf 88' lang='lat' dir='ltr'>liberant..</span> <span class='ocrx_word' id='word_1_304' title='bbox 868 3436 1009 3512; x_wconf 83' lang='lat' dir='ltr'>quotiens</span> <span class='ocrx_word' id='word_1_305' title='bbox 1019 3435 1079 3495; x_wconf 89' lang='lat' dir='ltr'>hoc</span> <span class='ocrx_word' id='word_1_306' title='bbox 1091 3440 1211 3510; x_wconf 89' lang='lat' dir='ltr'>patrum</span> 
     </span>
     <span class='ocr_line' id='line_1_39' title="bbox 230 3516 1211 3596; baseline -0.004 -16"><span class='ocrx_word' id='word_1_307' title='bbox 230 3535 420 3596; x_wconf 85' lang='lat' dir='ltr'>avorumque</span> <span class='ocrx_word' id='word_1_308' title='bbox 441 3525 540 3581; x_wconf 86' lang='lat' dir='ltr'>aetate</span> <span class='ocrx_word' id='word_1_309' title='bbox 560 3520 715 3595; x_wconf 79' lang='lat' dir='ltr'>negotium</span> <span class='ocrx_word' id='word_1_310' title='bbox 736 3525 784 3582; x_wconf 91' lang='lat' dir='ltr'>est</span> <span class='ocrx_word' id='word_1_311' title='bbox 798 3516 1024 3594; x_wconf 86' lang='lat' dir='ltr'>magistratibus</span> <span class='ocrx_word' id='word_1_312' title='bbox 1039 3517 1159 3588; x_wconf 85' lang='lat' dir='ltr'>datum,</span> <span class='ocrx_word' id='word_1_313' title='bbox 1179 3526 1211 3577; x_wconf 89' lang='lat' dir='ltr'>ut</span> 
     </span>
    </p>
   </div>
   <div class='ocr_carea' id='block_1_5' title="bbox 0 0 1326 4017">
    <p class='ocr_par' dir='ltr' id='par_1_5' title="bbox 0 0 1326 4017">
     <span class='ocr_line' id='line_1_40' title="bbox 0 0 1326 4017; baseline 0 0"><span class='ocrx_word' id='word_1_314' title='bbox 0 0 1326 4017; x_wconf 95' lang='lat' dir='ltr'> </span> 
     </span>
    </p>
   </div>
  </div>
 </body>
</html>
