2642 4017
305 305 420 367 LIBER
433 305 538 367 XLIV.
560 306 644 366 CAP.
658 315 685 369 6.
697 315 724 370 7.
747 313 783 381 [a.
797 312 829 367 C.
843 312 903 380 tat]
1037 304 1099 369 215

114 456 245 519 transitu
260 455 405 515 diiiioilis.
432 471 504 515 nam
518 462 640 530 praeter
654 456 812 531 angustias
828 473 884 534 per
897 459 1034 535 quinque
1045 460 1099 521 mi-

114 544 163 612 lio,
181 556 243 616 qua
253 539 399 614 exignum
413 538 547 600 iumento
563 547 675 601 onusto
688 541 746 601 iter
758 547 821 616 est,
842 556 938 618 rupes
948 544 1100 619 utrimque

113 629 155 688 ita
170 624 313 683 abscisae
328 630 409 697 sunt
422 630 458 683 ut
472 623 590 699 despici
604 625 657 683 uix
671 623 739 684 sine
749 625 898 700 vertigine
910 627 1045 702 quadum
1059 628 1099 688 sl-

115 709 177 770 mul
199 709 358 768 seniorum
380 707 534 783 anmuqne
553 708 662 782 possit
698 714 792 769 torret
810 715 842 768 et
855 710 975 771 sonitus
988 718 1021 772 et
1033 712 1099 771 alti-

116 793 187 854 tudo
203 807 260 868 per
275 790 409 851 mediam
423 792 533 851 vallem
550 790 676 852 fluentis
690 791 783 853 Penei
804 794 913 854 amnis.
947 793 997 854 irie
1011 795 1099 856 loeus

116 884 176 937 tam
199 882 311 951 suapte
336 883 445 936 natura
465 874 595 936 infestus
621 892 680 952 per
701 882 845 957 quattuor
865 876 1009 939 distantia
1029 878 1099 940 loon

116 960 279 1038 praesidiis
301 959 395 1036 regiis
414 958 472 1019 luit
491 957 643 1020 insessus.
672 977 766 1021 mrum
786 963 817 1020 in
838 961 938 1037 primo
959 962 1044 1023 aditu
1058 963 1099 1024 ad

115 1045 257 1105 Gonnum
275 1049 357 1117 erat,
382 1044 509 1103 altarum
528 1042 687 1123 Condylo,
709 1046 837 1106 rastello
858 1046 1097 1122 inexpugnabili,

112 1128 234 1190 tertiam
245 1126 329 1187 cirea
341 1126 548 1203 Lapeilrunta,
562 1143 654 1204 quem
667 1126 801 1190 charam
815 1131 985 1207 appellant,
1006 1146 1098 1207 quar

114 1220 177 1274 ium
189 1212 260 1271 uiae
272 1211 343 1286 ipsi,
357 1227 420 1286 qna
434 1217 465 1272 ot
478 1212 579 1271 media
592 1213 850 1289 elongastisaimo
862 1213 949 1274 valiis
965 1221 1021 1289 esi,
1044 1215 1098 1274 im·

114 1296 263 1372 positum,
285 1310 377 1373 quam
396 1295 447 1354 vel
468 1295 574 1355 decem
589 1297 712 1358 mmaiis
724 1297 805 1357 tueri
818 1298 908 1358 molle
922 1304 980 1357 est.
1008 1299 1098 1360 inter·

114 1382 201 1440 eluso
222 1394 279 1454 per
294 1380 408 1458 Tempe
426 1378 518 1439 nomi
538 1379 622 1439 aditu
641 1379 862 1442 commatibus
883 1381 973 1440 simul
990 1381 1099 1455 reditu,

112 1464 176 1539 ipsi
185 1469 305 1524 montes
317 1477 374 1538 per
385 1479 465 1537 quos
477 1462 705 1525 descenderant
715 1462 875 1540 repetendi
887 1470 981 1525 arant
1002 1464 1097 1539 quod

112 1555 148 1608 ut
162 1547 242 1607 iurto
257 1547 436 1620 iemlimant,
451 1546 494 1606 ita
504 1548 675 1622 propalam,
685 1547 863 1608 tenentibus
874 1546 1036 1621 superiora
1048 1562 1097 1607 oa-

112 1630 234 1692 oumina
247 1629 389 1690 hostibus
403 1646 465 1692 nnn
477 1637 635 1706 poteram3
650 1638 682 1690 et
692 1638 820 1706 experta
830 1630 996 1691 diluentur
1005 1646 1097 1707 spem

112 1730 233 1776 omnem
254 1713 424 1776 incidisset
455 1722 617 1790 supererat
634 1714 711 1774 nihil
731 1714 814 1775 aliud
833 1713 863 1773 in
884 1720 998 1774 lamere
1013 1730 1098 1776 eom·

112 1800 209 1860 misso
225 1814 318 1874 quam
331 1798 362 1858 in
376 1798 589 1860 Macedonium
603 1798 643 1858 ad
657 1799 745 1859 ilium
762 1814 818 1875 per
826 1798 950 1860 medios
963 1800 1098 1859 evadere

114 1884 236 1953 hostes3
253 1882 353 1958 quod,
368 1882 426 1942 nisi
441 1882 484 1943 dii
497 1888 631 1942 mentem
644 1883 709 1957 regi
724 1882 927 1957 ademissent,
950 1880 1097 1959 elipeum

112 1967 243 2042 ingeniis
258 1966 446 2028 diifleuitatis
460 1973 536 2028 erat
573 1982 644 2026 nam
658 1983 729 2027 oum
744 1965 866 2046 Olympi
876 1964 998 2027 radioes
1011 1982 1098 2026 mon·

111 2051 151 2111 tis
172 2053 264 2126 panio
282 2051 355 2126 plus
377 2068 469 2127 qnam
486 2050 567 2111 mille
588 2064 739 2126 passuum
763 2050 804 2110 ad
823 2064 907 2110 mare
925 2049 1100 2124 relinquant

114 2135 255 2211 spatium,
273 2135 361 2196 cuius
381 2135 539 2195 dimidmm
559 2134 620 2195 loei
635 2142 769 2210 occupat
789 2133 901 2195 ostium
921 2133 982 2193 lato
1001 2139 1098 2192 rasta·

115 2234 214 2294 gnens
224 2219 365 2298 Baphyri
377 2219 483 2292 amnis,
498 2226 617 2295 partem
628 2218 773 2294 planitiae
789 2223 843 2279 aui
857 2217 939 2278 iovis
953 2218 1099 2293 tempium

112 2309 167 2364 aut
185 2303 336 2379 oppidum
355 2310 452 2378 tenet,
475 2303 628 2378 ren‘quum
648 2303 851 2379 perexiguum
872 2302 959 2362 fossa
977 2300 1099 2361 modion

111 2387 257 2463 valloque
273 2386 375 2449 claudi
389 2394 518 2466 poterat,
534 2394 565 2448 et
576 2402 726 2448 saxorum
740 2388 780 2447 ad
794 2401 918 2446 manum
931 2384 1098 2446 suvesrds·

113 2487 174 2547 que
192 2472 339 2533 materiae
359 2480 476 2534 tamum
497 2478 577 2547 erat,
598 2478 632 2532 ut
651 2471 701 2531 vel
715 2486 821 2533 murus
837 2469 917 2532 olrici
929 2475 1099 2543 turresque

112 2556 238 2617 excitari
249 2556 412 2634 potuerint.
442 2571 572 2633 quorum
586 2554 661 2616 narii
676 2571 745 2616 oum
760 2553 951 2631 dispexisset
971 2558 1099 2613 oaaoata

115 2653 200 2700 mens
215 2639 465 2714 subnotemus,
490 2639 615 2699 nudatis
629 2639 773 2702 omnibus
795 2637 959 2715 praesidiis
981 2637 1098 2712 patela-

113 2721 234 2794 atisque
248 2722 329 2781 bello
344 2722 385 2780 ad
396 2720 538 2798 Pydnam
551 2721 671 2796 ralugit.

196 2802 263 2861 Vll.
286 2802 400 2863 consul
414 2802 578 2877 plurimum
592 2812 622 2863 ei
637 2804 783 2877 praesidii
795 2811 825 2864 et
842 2805 910 2879 spel
925 2819 1055 2864 cernens
1067 2803 1097 2863 in

114 2883 242 2947 stultitia
259 2892 290 2946 et
310 2885 439 2960 segnitia
454 2884 569 2957 hostis,
586 2887 722 2947 remisso
743 2887 849 2946 nunilo
865 2887 906 2946 ad
917 2886 971 2962 Sp.
986 2888 1098 2948 Luere-

112 2970 187 3031 tium
201 2969 348 3045 Larisam,
360 2976 396 3030 ut
407 2968 533 3028 castello
545 2966 652 3027 relicta
665 2968 706 3027 ab
719 2968 811 3029 noste
825 2970 908 3029 oiroa
918 2969 1031 3047 Tempe
1046 2985 1097 3030 oo-

113 3061 248 3131 euparei,
260 3053 435 3129 praemisso
441 3050 573 3128 Popillio
587 3051 627 3111 ad
638 3052 848 3127 explorandos
857 3054 1004 3115 transitum
1016 3055 1099 3114 airea

112 3139 216 3211 Dium,
238 3145 405 3215 postquam
424 3141 532 3214 patere
550 3134 654 3198 omnia
673 3135 705 3196 in
720 3150 826 3198 omnes
841 3143 946 3213 partes
961 3138 1098 3198 animad-

111 3223 217 3297 vertit,
237 3222 384 3284 secundis
406 3219 516 3282 castris
535 3219 677 3297 pervenit
690 3221 731 3281 ad
743 3220 841 3298 Ilium,
857 3223 1024 3299 metarique
1037 3220 1097 3281 sub

111 3306 183 3382 ipso
199 3309 321 3383 templo,
336 3322 376 3367 ne
392 3305 467 3383 quid
480 3318 571 3367 sauro
584 3305 617 3364 in
631 3306 701 3366 loeo
712 3305 890 3381 violaretur,
906 3307 1004 3368 iussit.
1027 3306 1097 3378 lpse

111 3390 219 3449 urbem
232 3391 402 3467 ingressus,
418 3391 498 3451 sieut
510 3406 574 3452 non
588 3404 739 3464 magnam,
753 3389 796 3449 ita
806 3396 984 3451 exornatam
998 3385 1097 3465 publi·

112 3474 157 3532 ois
178 3474 256 3535 loois
277 3482 308 3535 et
327 3475 518 3536 multitudine
539 3480 707 3536 statuarum
731 3473 939 3546 munitamque
962 3467 1095 3542 egregie,

112 3556 165 3615 vix
185 3558 259 3617 satis
282 3558 408 3619 credere
428 3560 460 3619 in
480 3558 572 3619 tantis
592 3556 687 3619 rebus
707 3557 775 3616 sine
795 3569 891 3614 rausa
905 3548 1019 3610 relictis
1035 3564 1095 3609 non
