2642 4017
225 210 286 277 aaa
406 210 520 271 arnna
533 209 622 270 xnu.
643 209 726 269 car.
741 216 806 271 aa.
828 210 950 286 [ane.
963 212 1039 290 arat

224 365 381 435 licaretur,
405 369 436 423 et
449 369 482 423 ut
495 360 679 437 supplicatio
700 363 850 437 prodigiis
864 363 1026 439 expiandis
1040 365 1143 426 liereta
1164 367 1209 427 al·
1317 418 1318 421 ,

226 455 299 520 tera,
315 461 395 521 quae
406 446 509 521 priore
520 459 600 504 anno
613 445 795 507 valetudinis
806 447 913 522 populi
925 463 1021 509 causa
1030 455 1103 509 vota
1115 455 1207 510 esset.

225 547 262 591 ea
277 531 320 591 uti
334 529 490 604 feriaeque
501 533 615 590 essent
637 526 742 604 itaque
754 527 958 591 sacrificatum
969 537 1026 607 est,
1040 539 1074 593 ut
1085 532 1206 592 decem·

225 612 283 674 viri
297 613 444 688 scriptum
459 611 629 672 ediderunt

312 697 363 756 ΙΙΙ.
383 695 500 756 Eodem
521 710 601 754 anno
622 692 710 755 aedis
724 694 849 756 lunonis
864 696 1007 759 Laciniae
1021 697 1149 760 detecta.
1172 698 1207 772 Q.

225 781 350 842 Fulvius
364 778 493 839 Flaccus
509 793 621 838 censor
635 779 744 839 aedem
757 779 909 841 Fortunae
923 779 1092 857 equestris,
1114 797 1207 856 quarn

224 865 256 925 iu
276 860 425 936 Hispania
450 869 574 934 praetor
595 862 677 923 bello
703 861 881 925 Celtiberico
906 871 1048 938 voverat,
1075 864 1207 926 faciebat

226 946 317 1008 enixo
330 942 448 1017 studio,
460 959 499 1004 ne
513 943 608 1004 ullum
620 945 739 1005 Romae
752 946 884 1021 amplius
895 954 947 1006 aut
957 944 1203 1022 magnificentius

225 1031 372 1105 templum
384 1033 478 1089 esset
514 1042 658 1102 magnum
672 1036 883 1091 ornamentum
895 1029 924 1090 ei
935 1031 1047 1104 templo
1062 1029 1104 1092 ita
1117 1038 1203 1092 ratus

225 1110 430 1185 adiecturum,
453 1112 479 1171 si
501 1111 622 1185 tegulae
644 1128 834 1175 marmoreae
854 1121 975 1186 essent,
997 1114 1155 1189 profectus
1172 1114 1204 1175 in

224 1196 357 1259 Bruttios
379 1196 487 1256 aedem
501 1195 626 1256 lunonis
640 1193 783 1257 Laciniae
797 1195 837 1255 ad
851 1201 969 1271 partem
982 1193 1136 1255 dimidiam
1151 1193 1205 1254 de·

223 1282 311 1356 tegit,
332 1280 364 1342 id
378 1277 454 1341 satis
469 1279 535 1339 fore
549 1286 635 1353 ratus
650 1279 690 1338 ad
704 1279 867 1353 tegendum
884 1278 968 1354 quod
983 1276 1205 1339 aedificaretur.

225 1380 320 1426 nares
341 1370 466 1440 paratae
487 1364 622 1436 luerunt,
644 1377 725 1438 quae
745 1363 886 1423 tollerent
906 1369 997 1437 atque
1012 1368 1205 1436 asportarent

223 1447 403 1510 auctoritate
417 1446 557 1508 censoria
572 1447 666 1508 sociis
682 1445 832 1506 deterritis
846 1446 878 1505 id
893 1446 1086 1520 saerilegium
1101 1443 1203 1520 prohi-

224 1533 306 1593 bero.
331 1538 494 1607 postquam
511 1545 623 1593 censor
635 1527 739 1605 rediit,
753 1530 875 1604 tegulae
889 1529 1051 1604 expositae
1065 1529 1104 1588 de
1118 1526 1203 1586 navi·

223 1616 281 1676 bus
296 1615 336 1674 ad
350 1616 494 1690 templum
506 1615 715 1689 portabantur.
748 1629 933 1689 quamquam
947 1612 1030 1672 unde
1044 1618 1148 1671 essent
1162 1610 1203 1669 si·

223 1699 355 1770 leheim,
377 1713 438 1758 non
461 1703 560 1758 tamen
581 1697 674 1758 celari
693 1697 798 1771 potnit
830 1696 965 1757 fremitus
986 1698 1049 1756 eries
1069 1692 1159 1770 igitur
1173 1693 1204 1754 in
1299 1715 1305 1723 ·

223 1781 309 1842 ouria
323 1787 408 1841 ortus
420 1787 482 1841 esta
503 1796 543 1841 ex
556 1781 696 1843 omnibus
710 1778 845 1855 partibus
855 1779 1075 1855 postulabatur,
1087 1785 1121 1839 ut
1131 1794 1201 1838 con-

224 1867 307 1926 sules
328 1879 397 1925 eam
418 1880 483 1925 rem
504 1866 544 1924 ad
560 1871 700 1926 senatum
714 1864 871 1925 referrent
901 1870 935 1925 ut
948 1879 1022 1923 vero
1037 1861 1204 1922 arcessitus

224 1949 254 2008 in
269 1946 384 2010 curiam
398 1963 510 2010 censor
521 1949 612 2022 venit,
627 1948 721 2008 multo
733 1945 873 2009 infestius
884 1945 996 2021 singuli
1008 1945 1205 2020 universique

226 2040 418 2109 praesentem
442 2033 594 2094 laceraret
625 2032 770 2106 templum
794 2029 1045 2106 augustissimum
1070 2028 1204 2104 regionis

224 2116 299 2188 eius,
317 2116 400 2193 quod
414 2132 475 2177 non
489 2115 635 2194 Pyrrhus,
651 2131 712 2175 non
726 2113 878 2175 Hannibal
890 2114 1075 2185 violassent,
1091 2113 1205 2172 violare

224 2216 330 2276 parurn
344 2200 506 2274 habuisse,
522 2200 581 2261 nisi
596 2200 766 2260 detexisset
779 2197 870 2259 foede
883 2213 921 2258 ac
935 2211 1034 2272 prope
1050 2196 1203 2267 diruisset.

224 2284 391 2345 detractum
413 2285 533 2345 culmem
547 2286 678 2360 templo,
699 2283 845 2344 nudatum
858 2287 970 2343 tectum
986 2287 1090 2356 patere
1104 2278 1204 2339 imbri·

224 2365 282 2428 bus
298 2367 569 2444 putrefaciendum.
591 2373 622 2427 et
635 2381 795 2427 censorem
810 2365 946 2427 moribus
961 2363 1105 2439 regendis
1120 2378 1198 2423 crea

225 2459 295 2523 tum,
313 2451 362 2512 oui
377 2457 553 2511 sartatecta
567 2450 692 2523 exigere
706 2448 804 2509 sacris
819 2448 950 2523 publicis
965 2456 996 2510 et
1008 2450 1078 2508 loca
1091 2447 1206 2508 tuenda

223 2550 309 2595 more
328 2532 477 2593 maiorum
496 2533 636 2593 traditum
658 2528 756 2605 esset,
778 2547 848 2593 eum
868 2547 924 2606 per
941 2531 1098 2593 sociorum
1111 2529 1204 2591 urbes

223 2616 392 2676 diruentem
414 2617 528 2690 templa
551 2615 778 2690 nudantemque
801 2621 882 2675 tecta
906 2615 1029 2676 aedium
1050 2628 1206 2674 sacrarum

224 2696 337 2772 vagari,
356 2704 386 2758 et
401 2698 500 2773 quod,
517 2697 543 2759 si
560 2699 591 2759 in
607 2696 735 2774 privatis
749 2698 904 2761 sociorum
919 2697 1068 2759 aedificiis
1083 2698 1204 2770 faceret,

222 2781 380 2856 indignum
394 2782 490 2842 videri
504 2789 625 2858 posset,
648 2782 681 2841 id
695 2782 786 2844 deum
800 2780 1012 2844 immortalium
1026 2781 1139 2858 templa
1152 2780 1204 2840 de·

222 2865 397 2926 molientem
415 2867 532 2941 facere,
555 2873 587 2927 et
605 2865 797 2940 obstringere
816 2865 964 2941 religione
978 2865 1127 2941 populum
1142 2863 1203 2924 Ro·

223 2965 353 3024 manum,
368 2950 464 3011 ruinis
479 2952 661 3027 templorum
678 2951 792 3027 templa
805 2949 1034 3024 aedificantem,
1049 2955 1204 3022 tamquam
1237 3010 1244 3017 ,

223 3049 284 3093 non
299 3032 392 3094 iidem
404 3034 519 3110 ubique
534 3033 576 3096 dii
590 3033 777 3096 immortales
792 3034 862 3107 sint
882 3033 939 3094 sed
953 3033 1062 3107 spoliis
1077 3031 1205 3093 aliorum

223 3113 274 3176 alii
286 3116 408 3178 colendi
418 3117 659 3194 exornandique.
681 3135 760 3194 oum,
772 3118 953 3195 priusquam
963 3118 1135 3191 referretur,
1152 3131 1206 3190 ap·

222 3209 345 3275 pareret
369 3199 443 3277 quid
467 3202 613 3263 sentirent
638 3210 757 3276 patres,
785 3200 934 3262 relatione
958 3200 1039 3261 faeta
1060 3201 1092 3265 in
1112 3215 1205 3260 unam

223 3298 330 3346 omnes
352 3286 531 3347 sententiam
552 3290 667 3358 terunt,
687 3291 721 3346 ut
740 3299 796 3344 eae
816 3283 937 3359 tegulae
953 3283 1158 3360 reportandae
1174 3281 1203 3343 ia

222 3370 369 3445 templum
382 3370 555 3431 locarentur
570 3365 798 3443 piaculariaque
809 3364 918 3429 lunoni
932 3365 1049 3428 tierent
1072 3382 1153 3442 quae
1164 3363 1204 3441 ad

223 3452 401 3528 religionem
421 3454 586 3529 pertinent,
608 3467 677 3512 cum
698 3451 881 3512 paralacto:
902 3452 1021 3526 tegulas
1035 3450 1157 3512 relictas
1172 3448 1202 3510 in
