2642 4017
212 151 271 215 148
377 149 493 211 LIBER
506 150 595 210 XLII.
620 149 704 210 cAP.
715 157 759 211 23.
770 157 814 211 nt.
836 156 874 224 [ι.
887 155 920 211 U.
934 172 959 208 e.
970 153 1034 222 680]

209 308 271 365 lum
286 316 405 378 gerere.
428 301 485 362 sed
504 303 564 362 iam
585 301 666 361 ultra
685 301 861 376 superbiam
876 300 1148 378 crudelitatemque
1162 310 1197 362 et

208 386 365 449 avaritiam
390 385 458 445 aius
483 400 545 445 nou
566 386 631 460 pati
652 399 750 459 posse
770 383 1048 459 carthaginienses.
1076 384 1196 446 missos

208 486 281 532 case
298 468 351 545 qui
365 477 488 530 omnent
502 475 651 543 senatum,
667 474 701 528 ut
713 467 803 528 trium
817 467 925 526 harum
935 483 1038 527 rernm
1049 482 1141 528 unam
1153 468 1195 528 ab

209 570 245 616 se
258 551 415 628 impetrari
436 552 587 612 sinerent=
609 559 644 611 ut
663 553 713 611 vel
734 558 889 626 exaequo
905 551 988 625 apud
1003 552 1121 613 socium
1137 568 1195 627 po-

208 639 323 714 pulum,
335 635 409 711 quid
421 636 570 710 cuiusque
581 641 677 708 esset,
687 634 909 709 disceptarent;
925 635 974 693 vel
986 635 1196 709 permitterent

210 718 512 796 Carthaginiensibus
533 725 567 777 ut
585 718 738 778 adversus
753 715 867 777 iniusta
882 732 965 776 arma
979 717 1032 792 pio
1047 717 1196 793 iustoque

210 821 246 866 se
256 809 429 864 tutarentur
441 801 541 870 bello;
563 803 612 860 vel
623 801 663 861 ad
675 808 854 872 extremum,
871 799 1007 876 sigratia
1018 803 1089 876 plus
1101 816 1196 877 quarn

165 918 171 927 ·
208 889 324 948 veritas
338 885 495 960 apudcos
509 885 635 958 valeret,
651 886 747 944 semel
762 891 939 956 statuerent,
956 883 1031 959 quid
1046 885 1196 946 donatum

209 987 249 1031 cx
260 972 360 1029 alieno
371 967 558 1029 Masinissae
568 967 690 1028 vellent.
708 966 879 1029 modestius
891 974 973 1029 certa
985 968 1112 1030 daturos
1123 983 1191 1039 eos,

210 1061 242 1114 ct
255 1052 403 1123 scituros,
431 1051 506 1128 quid
520 1052 696 1114 dedissent:
725 1051 829 1128 ipsum
848 1053 964 1112 nullum
979 1059 1195 1127 praeterquam

211 1152 287 1197 suae
301 1135 437 1195 libidinis
451 1135 575 1197 arbitrio
590 1135 683 1196 tinem
698 1138 856 1197 iacturum.
879 1136 989 1197 horum
1003 1134 1031 1196 si
1050 1135 1124 1196 nihil
1137 1136 1196 1196 irn-

211 1227 376 1296 petrarent,
399 1225 429 1279 et
443 1219 569 1295 aliquod
585 1236 673 1280 snum
689 1227 763 1295 post
778 1220 881 1280 datam
895 1236 914 1279 a
927 1219 960 1278 P.
977 1218 1122 1296 Scipione
1137 1235 1195 1294 pa·

212 1319 279 1364 cem
300 1301 442 1363 delictum
463 1309 562 1376 esset,
587 1301 647 1378 ipsi
669 1304 771 1378 potius
792 1303 1068 1364 animadverterent
1087 1303 1119 1362 in
1147 1317 1193 1362 se.

211 1393 305 1448 tutam
320 1385 498 1447 servitutem
513 1402 548 1446 se
563 1386 621 1446 sub
644 1386 781 1447 dominis
790 1387 946 1448 Romanis
958 1403 1049 1462 quam
1069 1386 1194 1447 liberta·

211 1479 272 1532 tem
286 1469 459 1545 expositam
474 1470 513 1529 ad
528 1470 653 1531 iniurias
668 1470 852 1532 Masinissae
866 1472 971 1530 malle:
994 1470 1095 1547 perire
1108 1485 1191 1529 nam·

212 1570 274 1629 que
288 1556 383 1614 semel
397 1554 475 1628 ipsis
490 1553 588 1614 satius
603 1570 685 1629 esse,
707 1570 800 1630 quam
814 1555 873 1614 sub
889 1553 1079 1614 acerbissimi
1094 1554 1193 1614 carni·

211 1637 278 1697 ficis
294 1636 418 1697 arbitrio
433 1635 573 1712 spiritum
588 1638 711 1698 ducere.
733 1638 791 1698 sub
811 1637 889 1698 haec
904 1637 986 1698 dicta
999 1637 1193 1698 lacrimantes

213 1721 455 1796 procubuerunt,
476 1722 625 1797 stratique
639 1722 738 1795 hunni,
759 1739 821 1783 non
836 1720 894 1781 sibi
908 1723 1005 1797 magis
1021 1721 1191 1782 misericor-

212 1804 355 1879 diamque
369 1801 414 1861 **.
455 1804 563 1864 XXIV.
584 1805 765 1881 interrogari
788 1806 952 1866 Gulussam
965 1806 1094 1880 placuit,
1118 1805 1193 1879 quid

212 1887 252 1946 ad
266 1903 304 1948 ea
316 1887 527 1963 responderet,
542 1895 595 1949 aut
608 1889 635 1950 si
650 1889 736 1964 prius
750 1891 860 1963 mallet,
876 1896 1077 1964 expromeret,
1099 1903 1195 1964 super

213 1989 275 2046 qua
293 1987 328 2031 re
345 1971 475 2033 Romam
495 1973 640 2033 venisset.
669 1973 803 2035 Gulussa
821 1988 924 2047 neque
943 1973 1002 2033 sibi
1017 1971 1106 2032 iacile
1119 1987 1192 2032 essa

212 2055 289 2116 dixit
302 2055 341 2115 de
355 2054 393 2115 iis
407 2055 500 2116 rebus
516 2071 624 2131 agere,
647 2055 687 2115 da
709 2057 820 2131 quibus
836 2057 909 2117 nihil
923 2057 1057 2117 mandati
1073 2062 1194 2132 epatre

212 2138 354 2211 haberet,
376 2155 477 2215 neque
491 2139 570 2216 patri
585 2139 675 2200 iacile
689 2139 788 2201 luisse
802 2142 963 2213 mandare,
985 2156 1054 2200 cunr
1070 2138 1192 2200 Cartha-

211 2221 368 2296 ginienses
389 2238 447 2284 nec
468 2225 507 2283 de
528 2240 590 2299 qua
604 2239 638 2283 re
652 2224 749 2285 acturi
764 2231 870 2285 essent
882 2239 940 2284 nec
956 2223 1079 2284 omniuo
1094 2222 1192 2284 ituros

212 2321 247 2366 se
261 2305 390 2367 Romam
404 2306 615 2369 indicaverint.
638 2308 669 2366 in
683 2309 761 2367 aede
775 2306 955 2382 Aesculapii
970 2306 1192 2368 clandestinum

212 2406 267 2450 eos
280 2406 336 2466 per
347 2388 466 2465 aliquot
475 2397 583 2451 noctes
595 2389 757 2451 consilium
763 2392 935 2467 principum
941 2390 1097 2466 habuisse,
1109 2390 1193 2450 unde

212 2471 246 2510 **
257 2482 418 2548 praeterea
431 2474 550 2546 legatos
566 2473 695 2533 occultis
711 2488 780 2534 cum
794 2475 945 2537 mandatis
959 2475 1089 2535 Romam
1104 2474 1188 2534 mitti.

169 2572 173 2575 ⁷
212 2571 280 2615 eam
301 2570 426 2616 causam
447 2555 544 2616 luisse
558 2554 637 2631 patri
652 2555 790 2617 mittendi
804 2575 839 2620 se
852 2560 990 2631 Romam,
1012 2558 1066 2633 qui
1081 2559 1190 2634 depre-

212 2645 332 2698 caretur
345 2645 496 2712 senatum,
517 2654 556 2698 ne
571 2639 645 2714 quid
660 2643 872 2703 communibus
887 2642 1015 2703 inimicis
1031 2641 1191 2703 criminan-

211 2720 293 2802 tibus
314 2736 350 2781 se
372 2721 546 2798 crederent,
576 2738 668 2798 quem
689 2725 728 2786 ob
749 2726 862 2787 nullam
882 2726 970 2786 aliam
991 2741 1118 2788 causam
1133 2724 1191 2786 nisi

212 2811 339 2880 propter
353 2812 543 2867 constantem
563 2806 656 2867 fldem
671 2824 746 2884 erga
760 2811 909 2885 populum
923 2811 1094 2871 Romanum
1109 2810 1190 2870 odis·

212 2894 289 2948 sent.
316 2887 364 2949 his
384 2890 538 2967 utrimque
557 2892 669 2953 auditis
689 2900 815 2954 senatus
836 2893 876 2954 de
891 2894 1053 2969 postulatis
1070 2892 1190 2954 Cartha·

211 2971 394 3045 giniensium
407 2976 567 3058 consultus
580 2978 773 3051 respondere
783 2977 825 3038 ita
835 2977 934 3052 iussit,
950 2977 1114 3038 Grdussam
1126 2978 1189 3052 pla·

212 3070 283 3114 cere
304 3059 457 3134 extemplo
478 3059 509 3118 in
529 3058 700 3120 Numidiam
721 3060 876 3135 proficisci
896 3067 927 3120 et
947 3061 1087 3121 nuntiare
1101 3060 1188 3135 patri,
1205 3132 1209 3137 ,

211 3145 245 3198 ut
270 3138 309 3199 de
334 3139 372 3200 iis
398 3141 438 3201 dc
460 3142 571 3227 quibus
593 3142 860 3219 Carthaginienses
883 3151 1050 3220 querantur
1072 3145 1189 3219 legatos

213 3239 305 3297 quam
326 3224 456 3298 primum
476 3226 516 3286 ad
535 3233 675 3287 senatmn
692 3226 801 3302 mittat,
827 3227 1046 3302 denuntietque
1068 3226 1189 3287 cmme-

211 3305 416 3383 giniensibus,
438 3316 471 3368 ut
483 3309 523 3370 ad
538 3308 774 3386 disceptandum
789 3309 920 3372 veniant.
943 3310 970 3372 si
984 3310 1100 3386 aliquid
1117 3325 1188 3386 poa·

213 3399 282 3451 sent
293 3391 475 3452 Masinissae
485 3391 612 3452 honoris
625 3409 729 3466 causa
746 3401 776 3454 et
787 3392 899 3455 iecisse
912 3401 942 3456 et
952 3396 1088 3455 tacturos
1100 3408 1186 3456 esse
