2642 4017
960 44 980 89 0

301 222 416 309 riuus
429 222 517 284 xnn.
539 222 622 283 cns.
635 231 680 286 ns
694 231 794 288 nse.
817 205 899 299 [eo.
913 230 975 299 ns]
1001 182 1004 185 ¹
1059 224 1122 290 ιιι

141 389 205 450 que
219 371 335 442 omnia,
358 386 438 447 quse
452 372 587 446 populus
601 373 759 434 Romanus
774 374 964 450 imperasset,
983 383 1121 451 praeste-

141 466 238 520 turos.
260 462 292 516 et
304 455 441 515 civitates
455 455 560 517 socias
571 456 692 517 adisse=
715 463 833 518 eeteros
844 458 1021 533 sntisildas,
1036 462 1120 522 solos

140 540 283 602 Rhodios
297 537 481 599 ltnonsntes
496 546 527 599 et
539 538 674 601 imbutos
683 540 788 601 Persei
803 541 940 602 consiliis
954 542 1121 605 invenisse.

140 631 290 684 venerunt
300 622 411 682 Rhodii
425 622 516 698 legati
531 622 572 682 ud
586 624 747 699 purgando
761 639 807 696 en,
823 640 902 701 quae
913 626 1005 701 vulgo
1016 625 1122 688 incturi

141 709 184 768 de
198 708 319 779 civitste
333 705 488 767 sciebant=
510 712 643 766 eetemm
657 715 798 768 senatum
810 706 849 769 iis
863 709 944 784 duri,
966 725 1035 770 eum
1049 710 1121 771 novi

141 793 289 851 consules
303 790 511 865 magistratum
523 789 667 865 inissent,
686 791 811 867 placuit
1065 792 1069 798 ’

223 873 349 934 XXVII.
359 873 436 934 Belli
447 880 627 949 apparatum
637 890 699 935 uon
712 874 914 935 differendum
926 883 1120 937 censuerunt

142 958 176 1018 0.
191 956 308 1018 LieInio
322 957 455 1032 praetori
468 959 623 1031 negotium
637 958 736 1030 detur,
756 965 792 1019 ut
805 973 845 1018 ex
862 958 1019 1020 veteribus
1034 960 1121 1036 quin-

143 1040 342 1118 queremibus
356 1040 387 1099 in
403 1040 565 1101 navalibus
578 1041 697 1102 Romae
711 1040 880 1113 subductis
897 1058 977 1117 quse
991 1049 1122 1118 possent

141 1125 213 1186 usui
238 1139 326 1199 esse,
349 1124 490 1184 reficeret
510 1132 693 1201 pemretque
713 1140 810 1187 neves
833 1126 1063 1202 quinquaginta„
1093 1125 1121 1187 si

141 1207 217 1285 qnid
237 1208 278 1268 sd
298 1223 368 1267 euru
387 1222 545 1268 numerum
564 1209 751 1283 explendum
769 1209 910 1284 deesset,
931 1209 962 1270 c.
977 1209 1121 1270 Memmio

141 1293 281 1366 collegae
294 1291 326 1351 iu
337 1289 469 1351 Siciliam
484 1291 641 1367 scriberet,
657 1299 759 1354 uleus
774 1307 854 1367 quse
867 1291 898 1352 in
910 1291 1013 1353 Sicilia
1024 1308 1120 1353 naves

140 1381 249 1435 essent
272 1374 412 1435 reficeret
435 1382 528 1450 utque
551 1376 725 1451 expediret,
749 1382 784 1435 ut
804 1374 999 1436 Brundisium
1021 1375 1120 1451 primo

142 1473 269 1535 quoque
288 1464 426 1533 ternpore
446 1456 520 1519 mitti
540 1465 679 1532 possent
709 1459 813 1520 socios
835 1460 963 1518 mvoles
990 1457 1121 1520 libertini

142 1543 261 1602 ordinis
280 1542 312 1602 in
332 1541 438 1616 viginti
459 1549 490 1602 et
509 1540 648 1617 quinque
667 1556 764 1601 neves
784 1555 824 1601 ox
839 1540 958 1601 civibus
971 1542 1120 1607 Romanis

142 1626 174 1686 C.
189 1625 324 1686 Licinius
338 1633 463 1701 praetor
476 1623 613 1685 seribere
626 1623 748 1700 iussus,
773 1623 805 1684 in
821 1625 958 1699 quinque
972 1632 1003 1687 et
1015 1626 1121 1701 viginti

139 1724 249 1785 parem
259 1723 417 1768 numerum
429 1708 482 1768 cn.
494 1707 628 1768 Sicinius
639 1708 734 1769 sociis
745 1707 923 1783 imperarem
939 1709 1021 1770 idem
1031 1724 1119 1785 prac-

141 1798 190 1854 ter
209 1792 344 1868 peditum
365 1799 435 1852 octo
455 1791 553 1864 milis,
575 1791 816 1868 quadringentos
836 1793 957 1868 equites
971 1794 1011 1855 ub
1025 1793 1120 1855 sociIs

140 1875 240 1937 Latiui
256 1875 388 1937 nominis
401 1876 547 1951 exigeret
569 1874 790 1938 huncmitltem
805 1876 1026 1952 quiBrundisii
1041 1879 1119 1939 nocie

141 1967 232 2036 peret
243 1967 337 2035 etque
346 1960 382 2020 in
394 1959 608 2021 Macedonium
622 1959 761 2033 mitteret,
779 1960 818 2020 A.
832 1960 943 2021 Atilius
959 1960 1119 2036 Serranus,

144 2042 198 2119 qui
218 2044 320 2118 primo
340 2059 424 2104 ortuo
443 2051 568 2118 praetor
588 2044 700 2117 lueret,
729 2041 880 2117 deligitur.
912 2042 964 2103 Cn.
987 2041 1121 2104 Sicinius

143 2133 267 2204 praetor
281 2128 357 2203 [qui]
372 2136 406 2189 ut
419 2126 589 2189 exercitum
603 2133 743 2203 puratum
757 2126 798 2187 cd
811 2125 1014 2187 traiciendum
1028 2125 1119 2187 bebe-

140 2217 203 2283 ret,
225 2210 399 2287 emptitio
414 2212 534 2272 consuli
549 2227 589 2272 ex
603 2210 785 2273 nnomnute
799 2215 927 2271 senatus
941 2208 973 2269 G.
986 2208 1121 2271 Licinius

141 2300 267 2371 praetor
280 2294 398 2368 scribit,
420 2302 455 2355 ut
473 2302 504 2355 et
518 2294 673 2370 ugionem
687 2293 873 2366 secundnm,
895 2309 975 2370 qnae
989 2295 1122 2354 maxime

141 2385 288 2438 veterano
301 2378 332 2437 in
347 2378 512 2452 Liguribus
525 2386 599 2453 erat,
614 2386 646 2439 et
659 2378 764 2440 socios
774 2375 874 2438 Latini
887 2377 1018 2438 nomiuis
1034 2385 1121 2455 qunt-

139 2471 211 2523 tuor
229 2461 313 2521 milia
332 2461 483 2537 peditum,
508 2462 658 2524 ducentos
678 2463 800 2539 equites
823 2461 925 2522 idibus
946 2460 1121 2523 Februariis

139 2545 297 2606 Brundisii
318 2546 430 2606 edesse
449 2545 577 2608 iuberet
605 2545 665 2608 buc
680 2548 782 2608 classe
796 2552 827 2607 et
840 2545 901 2606 boc
914 2545 1052 2606 exercitu
1067 2545 1119 2608 Gn.

141 2628 276 2690 Sicinius
290 2628 480 2704 provinciam
491 2629 706 2691 Macedoniam
720 2630 867 2705 obtinere,
882 2630 983 2691 donec
997 2645 1122 2691 succes·

141 2711 330 2787 sorreniret,
341 2711 457 2786 iussus,
469 2719 636 2788 prorogato
645 2714 678 2774 in
688 2730 801 2775 sunum
811 2713 950 2790 imperio.
962 2730 1001 2774 eu
1009 2713 1122 2788 omnia,

142 2811 226 2872 quse
243 2796 518 2869 remunerent,
542 2795 672 2872 impigre
685 2798 767 2858 iaetu
779 2806 860 2858 sunt.
883 2797 1119 2873 duodequudre·

140 2880 225 2955 ginis
236 2879 473 2954 quinqueremes
485 2896 526 2940 ox
535 2880 697 2942 rtuvnlibus
708 2880 878 2949 deductees
893 2879 946 2956 qui
957 2881 1123 2942 deduceret

142 2979 198 3023 ecs
212 2962 418 3038 BrundIsium,
438 2963 473 3024 L.
487 2962 615 3024 Porcius
628 2963 754 3025 Licinus
769 2962 983 3039 praepositum
1005 2964 1121 3025 duodo

141 3047 202 3107 cini
217 3062 257 3107 ex
279 3045 384 3108 Sicilie
403 3048 527 3108 misses.
548 3047 589 3108 ad
603 3047 787 3108 trumentum
801 3046 895 3108 classi
910 3046 1122 3123 exercituique

141 3131 345 3191 coemendum
365 3131 397 3191 in
417 3132 560 3207 Apuliam
582 3130 814 3207 cutabnamqns
834 3136 897 3192 tres
918 3130 1011 3206 leguti
1025 3127 1122 3203 mlssi,

141 3213 214 3274 Sex.
234 3214 365 3289 Digitius
385 3215 417 3274 Τ.
438 3214 596 3276 luventius
616 3214 658 3274 Μ.
680 3214 841 3275 Caecilius.
862 3214 903 3274 ed
917 3215 1018 3276 omnin
1033 3228 1121 3289 pree-

142 3306 250 3373 puruta
264 3299 318 3359 cm
332 3297 466 3360 Sicinius
480 3305 614 3374 praetor,
629 3297 795 3374 peludctus
808 3313 848 3358 ex
862 3298 940 3359 urbe
953 3299 1120 3373 protectus,

139 3381 337 3442 Brundisium
351 3381 444 3443 venit

224 3465 359 3526 XXVIII.
374 3466 466 3528 Exitu
476 3481 575 3542 prope
586 3464 657 3527 unni
668 3464 701 3536 (l.
711 3463 860 3541 Popillius
872 3462 984 3524 consul
993 3461 1121 3520 Romam
