<?xml version="1.0" encoding="UTF-8"?>
<!DOCTYPE html PUBLIC "-//W3C//DTD XHTML 1.0 Transitional//EN"
    "http://www.w3.org/TR/xhtml1/DTD/xhtml1-transitional.dtd">
<html xmlns="http://www.w3.org/1999/xhtml" xml:lang="en" lang="en">
 <head>
  <title>
</title>
<meta http-equiv="Content-Type" content="text/html;charset=utf-8" />
  <meta name='ocr-system' content='tesseract 3.04.00' />
  <meta name='ocr-capabilities' content='ocr_page ocr_carea ocr_par ocr_line ocrx_word'/>
</head>
<body>
  <div class='ocr_page' id='page_1' title='image "./aburbeconditali01mlgoog_0309.png"; bbox 0 0 2642 4017; ppageno 0'>
   <div class='ocr_carea' id='block_1_1' title="bbox 317 226 1107 301">
    <p class='ocr_par' dir='ltr' id='par_1_1' title="bbox 317 226 1107 301">
     <span class='ocr_line' id='line_1_1' title="bbox 317 226 1107 301; baseline 0.006 -15"><span class='ocrx_word' id='word_1_1' title='bbox 317 226 433 287; x_wconf 83' lang='lat' dir='ltr'>LIBER</span> <span class='ocrx_word' id='word_1_2' title='bbox 446 227 536 287; x_wconf 85' lang='lat' dir='ltr'><strong>XLV.</strong></span> <span class='ocrx_word' id='word_1_3' title='bbox 558 227 640 288; x_wconf 84' lang='lat' dir='ltr'><strong>cAP.</strong></span> <span class='ocrx_word' id='word_1_4' title='bbox 654 233 696 290; x_wconf 77' lang='lat'><strong>19.</strong></span> <span class='ocrx_word' id='word_1_5' title='bbox 709 236 752 287; x_wconf 66' lang='lat'><strong>20.</strong></span> <span class='ocrx_word' id='word_1_6' title='bbox 774 234 810 301; x_wconf 83' lang='lat' dir='ltr'><strong>[a.</strong></span> <span class='ocrx_word' id='word_1_7' title='bbox 823 233 855 286; x_wconf 80' lang='lat' dir='ltr'><strong>c.</strong></span> <span class='ocrx_word' id='word_1_8' title='bbox 868 233 930 300; x_wconf 79' lang='lat'><strong>167]</strong></span> <span class='ocrx_word' id='word_1_9' title='bbox 1046 226 1107 291; x_wconf 79' lang='lat'><strong>271</strong></span> 
     </span>
    </p>
   </div>
   <div class='ocr_carea' id='block_1_2' title="bbox 43 377 1108 1373">
    <p class='ocr_par' dir='ltr' id='par_1_2' title="bbox 43 377 1108 1373">
     <span class='ocr_line' id='line_1_2' title="bbox 128 377 1106 457; baseline 0.002 -16"><span class='ocrx_word' id='word_1_10' title='bbox 128 378 220 441; x_wconf 86' lang='lat' dir='ltr'><strong>ambo</strong></span> <span class='ocrx_word' id='word_1_11' title='bbox 233 377 372 438; x_wconf 83' lang='lat' dir='ltr'><strong>infirmos</strong></span> <span class='ocrx_word' id='word_1_12' title='bbox 388 377 542 439; x_wconf 79' lang='lat' dir='ltr'><strong>distractis</strong></span> <span class='ocrx_word' id='word_1_13' title='bbox 558 378 683 452; x_wconf 93' lang='lat' dir='ltr'><strong>viribus,</strong></span> <span class='ocrx_word' id='word_1_14' title='bbox 706 387 736 438; x_wconf 91' lang='lat' dir='ltr'><strong>et</strong></span> <span class='ocrx_word' id='word_1_15' title='bbox 750 380 890 440; x_wconf 91' lang='lat' dir='ltr'><strong>omnibus</strong></span> <span class='ocrx_word' id='word_1_16' title='bbox 905 380 1021 442; x_wconf 87' lang='lat' dir='ltr'><strong>iniuriis</strong></span> <span class='ocrx_word' id='word_1_17' title='bbox 1037 398 1106 457; x_wconf 92' lang='lat' dir='ltr'><strong>pro-</strong></span> 
     </span>
     <span class='ocr_line' id='line_1_3' title="bbox 43 458 1108 539; baseline 0.008 -21"><span class='ocrx_word' id='word_1_18' title='bbox 43 507 48 518; x_wconf 91' lang='lat'>.</span> <span class='ocrx_word' id='word_1_19' title='bbox 128 460 256 537; x_wconf 77' lang='lat' dir='ltr'><strong>larisque</strong></span> <span class='ocrx_word' id='word_1_20' title='bbox 266 458 420 522; x_wconf 86' lang='lat' dir='ltr'><strong>obnoxios</strong></span> <span class='ocrx_word' id='word_1_21' title='bbox 432 461 551 522; x_wconf 84' lang='lat' dir='ltr'><strong>tore=si</strong></span> <span class='ocrx_word' id='word_1_22' title='bbox 562 469 666 534; x_wconf 88' lang='lat' dir='ltr'><strong>totum,</strong></span> <span class='ocrx_word' id='word_1_23' title='bbox 679 461 871 538; x_wconf 88' lang='lat' dir='ltr'><strong>privatumne</strong></span> <span class='ocrx_word' id='word_1_24' title='bbox 882 479 956 539; x_wconf 84' lang='lat' dir='ltr'><strong>ergo</strong></span> <span class='ocrx_word' id='word_1_25' title='bbox 964 464 1108 527; x_wconf 88' lang='lat' dir='ltr'><strong>maiorem</strong></span> 
     </span>
     <span class='ocr_line' id='line_1_4' title="bbox 128 544 1106 623; baseline 0.004 -17"><span class='ocrx_word' id='word_1_26' title='bbox 128 548 270 619; x_wconf 87' lang='lat' dir='ltr'><strong>tratrem,</strong></span> <span class='ocrx_word' id='word_1_27' title='bbox 292 560 331 604; x_wconf 90' lang='lat' dir='ltr'><strong>an</strong></span> <span class='ocrx_word' id='word_1_28' title='bbox 347 546 485 606; x_wconf 81' lang='lat' dir='ltr'><strong>exsulem</strong></span> <span class='ocrx_word' id='word_1_29' title='bbox 505 544 557 605; x_wconf 86' lang='lat' dir='ltr'><strong>illa</strong></span> <span class='ocrx_word' id='word_1_30' title='bbox 570 552 685 619; x_wconf 88' lang='lat' dir='ltr'><strong>aetate,</strong></span> <span class='ocrx_word' id='word_1_31' title='bbox 705 545 757 606; x_wconf 88' lang='lat' dir='ltr'><strong>illa</strong></span> <span class='ocrx_word' id='word_1_32' title='bbox 771 546 910 623; x_wconf 87' lang='lat' dir='ltr'><strong>corporis</strong></span> <span class='ocrx_word' id='word_1_33' title='bbox 925 547 1106 623; x_wconf 82' lang='lat' dir='ltr'><strong>infirmitate,</strong></span> 
     </span>
     <span class='ocr_line' id='line_1_5' title="bbox 128 627 1107 704; baseline 0.001 -13"><span class='ocrx_word' id='word_1_34' title='bbox 128 630 169 691; x_wconf 92' lang='lat' dir='ltr'><strong>ad</strong></span> <span class='ocrx_word' id='word_1_35' title='bbox 188 628 326 690; x_wconf 88' lang='lat' dir='ltr'><strong>ultimum</strong></span> <span class='ocrx_word' id='word_1_36' title='bbox 348 627 424 688; x_wconf 89' lang='lat' dir='ltr'><strong>mori</strong></span> <span class='ocrx_word' id='word_1_37' title='bbox 445 627 623 690; x_wconf 71' lang='lat' dir='ltr'><strong>iussurum?</strong></span> <span class='ocrx_word' id='word_1_38' title='bbox 649 627 806 704; x_wconf 88' lang='lat' dir='ltr'><strong>egregium</strong></span> <span class='ocrx_word' id='word_1_39' title='bbox 827 630 922 703; x_wconf 85' lang='lat' dir='ltr'><strong>enim,</strong></span> <span class='ocrx_word' id='word_1_40' title='bbox 947 638 981 692; x_wconf 92' lang='lat' dir='ltr'><strong>ut</strong></span> <span class='ocrx_word' id='word_1_41' title='bbox 994 632 1107 692; x_wconf 84' lang='lat' dir='ltr'><strong>tabulis</strong></span> 
     </span>
     <span class='ocr_line' id='line_1_6' title="bbox 128 709 1107 788; baseline 0.002 -14"><span class='ocrx_word' id='word_1_42' title='bbox 128 712 257 775; x_wconf 87' lang='lat' dir='ltr'><strong>traditus</strong></span> <span class='ocrx_word' id='word_1_43' title='bbox 268 709 432 787; x_wconf 88' lang='lat' dir='ltr'><strong>impiorum</strong></span> <span class='ocrx_word' id='word_1_44' title='bbox 442 712 569 772; x_wconf 78' lang='lat' dir='ltr'><strong>fratrum</strong></span> <span class='ocrx_word' id='word_1_45' title='bbox 580 719 708 772; x_wconf 88' lang='lat' dir='ltr'><strong>eventus</strong></span> <span class='ocrx_word' id='word_1_46' title='bbox 720 720 865 788; x_wconf 73' lang='lat' dir='ltr'>taceatur,</span> <span class='ocrx_word' id='word_1_47' title='bbox 879 713 982 775; x_wconf 84' lang='lat' dir='ltr'><strong>Persei</strong></span> <span class='ocrx_word' id='word_1_48' title='bbox 994 715 1107 776; x_wconf 87' lang='lat' dir='ltr'><strong>exitum</strong></span> 
     </span>
     <span class='ocr_line' id='line_1_7' title="bbox 127 794 1106 874; baseline 0.004 -18"><span class='ocrx_word' id='word_1_49' title='bbox 127 796 241 870; x_wconf 89' lang='lat' dir='ltr'><strong>videri,</strong></span> <span class='ocrx_word' id='word_1_50' title='bbox 265 794 317 871; x_wconf 93' lang='lat' dir='ltr'><strong>qui</strong></span> <span class='ocrx_word' id='word_1_51' title='bbox 338 810 378 855; x_wconf 86' lang='lat' dir='ltr'><strong>ex</strong></span> <span class='ocrx_word' id='word_1_52' title='bbox 399 795 533 856; x_wconf 79' lang='lat' dir='ltr'><strong>fraterna</strong></span> <span class='ocrx_word' id='word_1_53' title='bbox 546 795 642 856; x_wconf 90' lang='lat' dir='ltr'><strong>caede</strong></span> <span class='ocrx_word' id='word_1_54' title='bbox 654 803 776 872; x_wconf 87' lang='lat' dir='ltr'><strong>raptum</strong></span> <span class='ocrx_word' id='word_1_55' title='bbox 793 796 935 859; x_wconf 87' lang='lat' dir='ltr'><strong>diadema</strong></span> <span class='ocrx_word' id='word_1_56' title='bbox 947 798 1106 874; x_wconf 88' lang='lat' dir='ltr'><strong>intemplo</strong></span> 
     </span>
     <span class='ocr_line' id='line_1_8' title="bbox 128 878 1107 957; baseline 0.003 -18"><span class='ocrx_word' id='word_1_57' title='bbox 128 878 371 954; x_wconf 69' lang='lat' dir='ltr'><strong>Samothracum,</strong></span> <span class='ocrx_word' id='word_1_58' title='bbox 386 879 469 940; x_wconf 89' lang='lat' dir='ltr'><strong>velut</strong></span> <span class='ocrx_word' id='word_1_59' title='bbox 478 878 692 954; x_wconf 89' lang='lat' dir='ltr'><strong>praesentibus</strong></span> <span class='ocrx_word' id='word_1_60' title='bbox 704 879 764 942; x_wconf 90' lang='lat' dir='ltr'><strong>diis</strong></span> <span class='ocrx_word' id='word_1_61' title='bbox 776 881 968 956; x_wconf 78' lang='lat' dir='ltr'><strong>exigentibus</strong></span> <span class='ocrx_word' id='word_1_62' title='bbox 978 897 1107 957; x_wconf 78' lang='lat' dir='ltr'><strong>poenas,</strong></span> 
     </span>
     <span class='ocr_line' id='line_1_9' title="bbox 128 962 1107 1040; baseline 0.002 -15"><span class='ocrx_word' id='word_1_63' title='bbox 128 963 170 1025; x_wconf 87' lang='lat' dir='ltr'><strong>ad</strong></span> <span class='ocrx_word' id='word_1_64' title='bbox 189 963 287 1039; x_wconf 89' lang='lat' dir='ltr'><strong>pedes</strong></span> <span class='ocrx_word' id='word_1_65' title='bbox 309 962 432 1024; x_wconf 84' lang='lat' dir='ltr'><strong>victoris</strong></span> <span class='ocrx_word' id='word_1_66' title='bbox 454 962 552 1024; x_wconf 90' lang='lat' dir='ltr'><strong>hostis</strong></span> <span class='ocrx_word' id='word_1_67' title='bbox 575 969 749 1037; x_wconf 88' lang='lat' dir='ltr'><strong>prostratus</strong></span> <span class='ocrx_word' id='word_1_68' title='bbox 769 962 917 1040; x_wconf 85' lang='lat' dir='ltr'><strong>posuerit</strong></span> <span class='ocrx_word' id='word_1_69' title='bbox 939 979 995 1026; x_wconf 90' lang='lat' dir='ltr'><strong>eos</strong></span> <span class='ocrx_word' id='word_1_70' title='bbox 1009 965 1107 1040; x_wconf 84' lang='lat' dir='ltr'><strong>ipsos,</strong></span> 
     </span>
     <span class='ocr_line' id='line_1_10' title="bbox 132 1045 1105 1124; baseline 0.002 -17"><span class='ocrx_word' id='word_1_71' title='bbox 132 1046 184 1123; x_wconf 91' lang='lat' dir='ltr'><strong>qui</strong></span> <span class='ocrx_word' id='word_1_72' title='bbox 198 1061 259 1106; x_wconf 90' lang='lat' dir='ltr'><strong>non</strong></span> <span class='ocrx_word' id='word_1_73' title='bbox 274 1045 317 1106; x_wconf 89' lang='lat' dir='ltr'><strong>iili</strong></span> <span class='ocrx_word' id='word_1_74' title='bbox 331 1045 421 1107; x_wconf 91' lang='lat' dir='ltr'><strong>amici</strong></span> <span class='ocrx_word' id='word_1_75' title='bbox 435 1046 492 1106; x_wconf 88' lang='lat' dir='ltr'><strong>sed</strong></span> <span class='ocrx_word' id='word_1_76' title='bbox 505 1045 632 1108; x_wconf 81' lang='lat' dir='ltr'><strong>Eumeni</strong></span> <span class='ocrx_word' id='word_1_77' title='bbox 646 1047 750 1109; x_wconf 79' lang='lat' dir='ltr'><strong>infesti</strong></span> <span class='ocrx_word' id='word_1_78' title='bbox 763 1046 920 1110; x_wconf 82' lang='lat' dir='ltr'><strong>stimulent</strong></span> <span class='ocrx_word' id='word_1_79' title='bbox 934 1063 1018 1122; x_wconf 88' lang='lat' dir='ltr'><strong>eum,</strong></span> <span class='ocrx_word' id='word_1_80' title='bbox 1041 1047 1105 1124; x_wconf 90' lang='lat' dir='ltr'><strong>pie-</strong></span> 
     </span>
     <span class='ocr_line' id='line_1_11' title="bbox 131 1128 1107 1205; baseline 0.001 -13"><span class='ocrx_word' id='word_1_81' title='bbox 131 1137 224 1192; x_wconf 87' lang='lat' dir='ltr'><strong>tatem</strong></span> <span class='ocrx_word' id='word_1_82' title='bbox 245 1128 508 1204; x_wconf 87' lang='lat' dir='ltr'><strong>constantiamque</strong></span> <span class='ocrx_word' id='word_1_83' title='bbox 528 1131 723 1205; x_wconf 89' lang='lat' dir='ltr'><strong>laudaturos,</strong></span> <span class='ocrx_word' id='word_1_84' title='bbox 748 1131 777 1193; x_wconf 93' lang='lat' dir='ltr'><strong>si</strong></span> <span class='ocrx_word' id='word_1_85' title='bbox 791 1131 890 1193; x_wconf 87' lang='lat' dir='ltr'><strong>tidem</strong></span> <span class='ocrx_word' id='word_1_86' title='bbox 910 1132 951 1193; x_wconf 92' lang='lat' dir='ltr'><strong>ad</strong></span> <span class='ocrx_word' id='word_1_87' title='bbox 971 1132 1107 1195; x_wconf 86' lang='lat' dir='ltr'><strong>ultimum</strong></span> 
     </span>
     <span class='ocr_line' id='line_1_12' title="bbox 131 1212 1105 1290; baseline 0 -16"><span class='ocrx_word' id='word_1_88' title='bbox 131 1214 215 1274; x_wconf 83' lang='lat' dir='ltr'><strong>tratri</strong></span> <span class='ocrx_word' id='word_1_89' title='bbox 235 1212 448 1289; x_wconf 83' lang='lat' dir='ltr'><strong>praestitisset</strong></span> <span class='ocrx_word' id='word_1_90' title='bbox 474 1213 539 1274; x_wconf 86' lang='lat' dir='ltr'><strong>XX.</strong></span> <span class='ocrx_word' id='word_1_91' title='bbox 560 1214 638 1275; x_wconf 88' lang='lat' dir='ltr'><strong>haee</strong></span> <span class='ocrx_word' id='word_1_92' title='bbox 659 1217 730 1290; x_wconf 90' lang='lat' dir='ltr'><strong>ptus</strong></span> <span class='ocrx_word' id='word_1_93' title='bbox 749 1215 876 1277; x_wconf 88' lang='lat' dir='ltr'><strong>valuere</strong></span> <span class='ocrx_word' id='word_1_94' title='bbox 890 1216 921 1276; x_wconf 91' lang='lat' dir='ltr'><strong>in</strong></span> <span class='ocrx_word' id='word_1_95' title='bbox 935 1215 1028 1277; x_wconf 85' lang='lat' dir='ltr'><strong>Attali</strong></span> <span class='ocrx_word' id='word_1_96' title='bbox 1043 1216 1105 1276; x_wconf 88' lang='lat' dir='ltr'><strong>oni·</strong></span> 
     </span>
     <span class='ocr_line' id='line_1_13' title="bbox 130 1294 1106 1373; baseline -0.002 -14"><span class='ocrx_word' id='word_1_97' title='bbox 130 1314 191 1359; x_wconf 89' lang='lat' dir='ltr'><strong>mo.</strong></span> <span class='ocrx_word' id='word_1_98' title='bbox 212 1297 315 1373; x_wconf 87' lang='lat' dir='ltr'><strong>itaque</strong></span> <span class='ocrx_word' id='word_1_99' title='bbox 334 1297 524 1358; x_wconf 88' lang='lat' dir='ltr'><strong>introductus</strong></span> <span class='ocrx_word' id='word_1_100' title='bbox 544 1294 576 1357; x_wconf 93' lang='lat' dir='ltr'><strong>in</strong></span> <span class='ocrx_word' id='word_1_101' title='bbox 590 1306 745 1373; x_wconf 87' lang='lat' dir='ltr'><strong>senatum,</strong></span> <span class='ocrx_word' id='word_1_102' title='bbox 767 1299 935 1373; x_wconf 74' lang='lat' dir='ltr'><strong>gratulatus</strong></span> <span class='ocrx_word' id='word_1_103' title='bbox 949 1298 1106 1358; x_wconf 88' lang='lat' dir='ltr'><strong>victoriam</strong></span> 
     </span>
    </p>
   </div>
   <div class='ocr_carea' id='block_1_3' title="bbox 14 1378 1104 1456">
    <p class='ocr_par' dir='ltr' id='par_1_3' title="bbox 14 1378 1104 1456">
     <span class='ocr_line' id='line_1_14' title="bbox 14 1378 1104 1456; baseline 0.003 -19"><span class='ocrx_word' id='word_1_104' title='bbox 14 1430 18 1437; x_wconf 75' lang='grc'><strong><em>,</em></strong></span> <span class='ocrx_word' id='word_1_105' title='bbox 131 1388 188 1456; x_wconf 79' lang='lat' dir='ltr'><strong>est,</strong></span> <span class='ocrx_word' id='word_1_106' title='bbox 202 1389 232 1442; x_wconf 89' lang='lat' dir='ltr'><strong>et</strong></span> <span class='ocrx_word' id='word_1_107' title='bbox 246 1398 304 1441; x_wconf 84' lang='lat' dir='ltr'><strong>sua</strong></span> <span class='ocrx_word' id='word_1_108' title='bbox 317 1380 425 1441; x_wconf 88' lang='lat' dir='ltr'><strong>merita</strong></span> <span class='ocrx_word' id='word_1_109' title='bbox 437 1378 477 1441; x_wconf 86' lang='lat' dir='ltr'><strong>eo</strong></span> <span class='ocrx_word' id='word_1_110' title='bbox 490 1379 572 1443; x_wconf 90' lang='lat' dir='ltr'><strong>bello</strong></span> <span class='ocrx_word' id='word_1_111' title='bbox 587 1382 760 1456; x_wconf 75' lang='lat' dir='ltr'><strong>fratrisque,</strong></span> <span class='ocrx_word' id='word_1_112' title='bbox 776 1381 803 1441; x_wconf 92' lang='lat' dir='ltr'><strong>si</strong></span> <span class='ocrx_word' id='word_1_113' title='bbox 814 1396 875 1456; x_wconf 90' lang='lat' dir='ltr'><strong>qua</strong></span> <span class='ocrx_word' id='word_1_114' title='bbox 889 1387 983 1455; x_wconf 89' lang='lat' dir='ltr'><strong>erant,</strong></span> <span class='ocrx_word' id='word_1_115' title='bbox 999 1387 1029 1440; x_wconf 89' lang='lat' dir='ltr'><strong>et</strong></span> <span class='ocrx_word' id='word_1_116' title='bbox 1038 1379 1104 1440; x_wconf 89' lang='lat' dir='ltr'><strong>Gal·</strong></span> 
     </span>
    </p>
   </div>
   <div class='ocr_carea' id='block_1_4' title="bbox 131 1461 1108 1956">
    <p class='ocr_par' dir='ltr' id='par_1_4' title="bbox 131 1461 1108 1956">
     <span class='ocr_line' id='line_1_15' title="bbox 131 1461 1108 1540; baseline -0.003 -15"><span class='ocrx_word' id='word_1_117' title='bbox 131 1467 228 1527; x_wconf 88' lang='lat' dir='ltr'><strong>lorum</strong></span> <span class='ocrx_word' id='word_1_118' title='bbox 250 1464 467 1537; x_wconf 87' lang='lat' dir='ltr'><strong>delectionem,</strong></span> <span class='ocrx_word' id='word_1_119' title='bbox 489 1478 570 1540; x_wconf 88' lang='lat' dir='ltr'><strong>quae</strong></span> <span class='ocrx_word' id='word_1_120' title='bbox 591 1480 691 1539; x_wconf 85' lang='lat' dir='ltr'><strong>nuper</strong></span> <span class='ocrx_word' id='word_1_121' title='bbox 709 1461 824 1538; x_wconf 75' lang='lat' dir='ltr'><strong>ingenti</strong></span> <span class='ocrx_word' id='word_1_122' title='bbox 838 1470 923 1524; x_wconf 89' lang='lat' dir='ltr'><strong>motu</strong></span> <span class='ocrx_word' id='word_1_123' title='bbox 937 1464 1018 1523; x_wconf 88' lang='lat' dir='ltr'><strong>lacta</strong></span> <span class='ocrx_word' id='word_1_124' title='bbox 1034 1471 1108 1537; x_wconf 83' lang='lat' dir='ltr'><strong>erat,</strong></span> 
     </span>
     <span class='ocr_line' id='line_1_16' title="bbox 132 1546 1106 1625; baseline -0.004 -16"><span class='ocrx_word' id='word_1_125' title='bbox 132 1549 290 1625; x_wconf 86' lang='lat' dir='ltr'><strong>exposuit;</strong></span> <span class='ocrx_word' id='word_1_126' title='bbox 312 1547 412 1623; x_wconf 91' lang='lat' dir='ltr'><strong>petiit,</strong></span> <span class='ocrx_word' id='word_1_127' title='bbox 432 1553 467 1607; x_wconf 91' lang='lat' dir='ltr'><strong>ut</strong></span> <span class='ocrx_word' id='word_1_128' title='bbox 480 1548 598 1621; x_wconf 86' lang='lat' dir='ltr'><strong>legatos</strong></span> <span class='ocrx_word' id='word_1_129' title='bbox 612 1547 743 1608; x_wconf 85' lang='lat' dir='ltr'><strong>mitteret</strong></span> <span class='ocrx_word' id='word_1_130' title='bbox 756 1546 797 1607; x_wconf 91' lang='lat' dir='ltr'><strong>ad</strong></span> <span class='ocrx_word' id='word_1_131' title='bbox 811 1562 884 1619; x_wconf 92' lang='lat' dir='ltr'><strong>eos,</strong></span> <span class='ocrx_word' id='word_1_132' title='bbox 907 1561 1038 1621; x_wconf 89' lang='lat' dir='ltr'><strong>quorum</strong></span> <span class='ocrx_word' id='word_1_133' title='bbox 1054 1563 1106 1606; x_wconf 92' lang='lat' dir='ltr'><strong>au-</strong></span> 
     </span>
     <span class='ocr_line' id='line_1_17' title="bbox 132 1628 1106 1705; baseline -0.005 -11"><span class='ocrx_word' id='word_1_134' title='bbox 132 1632 270 1694; x_wconf 89' lang='lat' dir='ltr'><strong>ctoritate</strong></span> <span class='ocrx_word' id='word_1_135' title='bbox 284 1630 323 1691; x_wconf 88' lang='lat' dir='ltr'><strong>ab</strong></span> <span class='ocrx_word' id='word_1_136' title='bbox 338 1630 430 1691; x_wconf 91' lang='lat' dir='ltr'><strong>armis</strong></span> <span class='ocrx_word' id='word_1_137' title='bbox 444 1637 654 1693; x_wconf 87' lang='lat' dir='ltr'><strong>avocarentur.</strong></span> <span class='ocrx_word' id='word_1_138' title='bbox 672 1628 721 1690; x_wconf 87' lang='lat' dir='ltr'><strong>his</strong></span> <span class='ocrx_word' id='word_1_139' title='bbox 736 1645 793 1705; x_wconf 93' lang='lat' dir='ltr'><strong>pro</strong></span> <span class='ocrx_word' id='word_1_140' title='bbox 808 1628 895 1704; x_wconf 84' lang='lat' dir='ltr'><strong>regni</strong></span> <span class='ocrx_word' id='word_1_141' title='bbox 905 1628 1033 1690; x_wconf 87' lang='lat' dir='ltr'><strong>utilitate</strong></span> <span class='ocrx_word' id='word_1_142' title='bbox 1044 1629 1106 1689; x_wconf 89' lang='lat' dir='ltr'><strong>edi-</strong></span> 
     </span>
     <span class='ocr_line' id='line_1_18' title="bbox 132 1711 1108 1788; baseline -0.006 -10"><span class='ocrx_word' id='word_1_143' title='bbox 132 1715 171 1778; x_wconf 87' lang='lat' dir='ltr'><strong>tis</strong></span> <span class='ocrx_word' id='word_1_144' title='bbox 183 1715 343 1787; x_wconf 87' lang='lat' dir='ltr'><strong>mandatis,</strong></span> <span class='ocrx_word' id='word_1_145' title='bbox 360 1716 482 1775; x_wconf 83' lang='lat' dir='ltr'><strong>Aenum</strong></span> <span class='ocrx_word' id='word_1_146' title='bbox 496 1713 555 1774; x_wconf 91' lang='lat' dir='ltr'><strong>sibi</strong></span> <span class='ocrx_word' id='word_1_147' title='bbox 571 1721 602 1774; x_wconf 89' lang='lat' dir='ltr'><strong>et</strong></span> <span class='ocrx_word' id='word_1_148' title='bbox 610 1713 788 1775; x_wconf 89' lang='lat' dir='ltr'><strong>Maroneam</strong></span> <span class='ocrx_word' id='word_1_149' title='bbox 796 1712 890 1788; x_wconf 86' lang='lat' dir='ltr'><strong>petiit</strong></span> <span class='ocrx_word' id='word_1_150' title='bbox 913 1711 954 1775; x_wconf 89' lang='lat' dir='ltr'><strong>ita</strong></span> <span class='ocrx_word' id='word_1_151' title='bbox 965 1712 1108 1774; x_wconf 87' lang='lat' dir='ltr'><strong>destituta</strong></span> 
     </span>
     <span class='ocr_line' id='line_1_19' title="bbox 133 1795 1108 1874; baseline -0.002 -14"><span class='ocrx_word' id='word_1_152' title='bbox 133 1815 239 1860; x_wconf 90' lang='lat' dir='ltr'><strong>eorum</strong></span> <span class='ocrx_word' id='word_1_153' title='bbox 250 1814 317 1874; x_wconf 87' lang='lat' dir='ltr'><strong>spe,</strong></span> <span class='ocrx_word' id='word_1_154' title='bbox 330 1799 382 1873; x_wconf 90' lang='lat' dir='ltr'><strong>qui</strong></span> <span class='ocrx_word' id='word_1_155' title='bbox 394 1799 487 1858; x_wconf 83' lang='lat' dir='ltr'><strong>tratre</strong></span> <span class='ocrx_word' id='word_1_156' title='bbox 497 1803 642 1858; x_wconf 88' lang='lat' dir='ltr'><strong>accusato</strong></span> <span class='ocrx_word' id='word_1_157' title='bbox 653 1797 846 1873; x_wconf 89' lang='lat' dir='ltr'><strong>partitionem</strong></span> <span class='ocrx_word' id='word_1_158' title='bbox 852 1796 938 1872; x_wconf 89' lang='lat' dir='ltr'><strong>regni</strong></span> <span class='ocrx_word' id='word_1_159' title='bbox 945 1795 1108 1871; x_wconf 87' lang='lat' dir='ltr'><strong>petiturum</strong></span> 
     </span>
     <span class='ocr_line' id='line_1_20' title="bbox 133 1878 1108 1956; baseline -0.004 -13"><span class='ocrx_word' id='word_1_160' title='bbox 133 1883 335 1954; x_wconf 75' lang='lat' dir='ltr'><strong>crediderant,</strong></span> <span class='ocrx_word' id='word_1_161' title='bbox 352 1881 467 1943; x_wconf 90' lang='lat' dir='ltr'><strong>curiam</strong></span> <span class='ocrx_word' id='word_1_162' title='bbox 482 1878 625 1941; x_wconf 88' lang='lat' dir='ltr'><strong>excessit</strong></span> <span class='ocrx_word' id='word_1_163' title='bbox 647 1887 682 1942; x_wconf 93' lang='lat' dir='ltr'><strong>ut</strong></span> <span class='ocrx_word' id='word_1_164' title='bbox 694 1897 765 1942; x_wconf 93' lang='lat' dir='ltr'><strong>raro</strong></span> <span class='ocrx_word' id='word_1_165' title='bbox 779 1881 855 1941; x_wconf 88' lang='lat' dir='ltr'><strong>alias</strong></span> <span class='ocrx_word' id='word_1_166' title='bbox 873 1881 1037 1956; x_wconf 90' lang='lat' dir='ltr'><strong>quisquam</strong></span> <span class='ocrx_word' id='word_1_167' title='bbox 1052 1895 1108 1940; x_wconf 84' lang='lat' dir='ltr'><strong>rex</strong></span> 
     </span>
    </p>
   </div>
   <div class='ocr_carea' id='block_1_5' title="bbox 47 1964 1109 2041">
    <p class='ocr_par' dir='ltr' id='par_1_5' title="bbox 47 1964 1109 2041">
     <span class='ocr_line' id='line_1_21' title="bbox 47 1964 1109 2041; baseline -0.01 -9"><span class='ocrx_word' id='word_1_168' title='bbox 47 2023 51 2032; x_wconf 90' lang='lat'><em>.</em></span> <span class='ocrx_word' id='word_1_169' title='bbox 132 1973 184 2027; x_wconf 89' lang='lat' dir='ltr'><strong>aut</strong></span> <span class='ocrx_word' id='word_1_170' title='bbox 199 1965 352 2041; x_wconf 88' lang='lat' dir='ltr'><strong>privatus,</strong></span> <span class='ocrx_word' id='word_1_171' title='bbox 374 1971 457 2025; x_wconf 90' lang='lat' dir='ltr'><strong>tanto</strong></span> <span class='ocrx_word' id='word_1_172' title='bbox 474 1964 579 2024; x_wconf 88' lang='lat' dir='ltr'><strong>lavore</strong></span> <span class='ocrx_word' id='word_1_173' title='bbox 593 1968 740 2039; x_wconf 90' lang='lat' dir='ltr'><strong>tantoque</strong></span> <span class='ocrx_word' id='word_1_174' title='bbox 761 1965 895 2025; x_wconf 89' lang='lat' dir='ltr'><strong>omnium</strong></span> <span class='ocrx_word' id='word_1_175' title='bbox 909 1964 1047 2024; x_wconf 82' lang='lat' dir='ltr'><strong>adsensu</strong></span> <span class='ocrx_word' id='word_1_176' title='bbox 1060 1970 1109 2022; x_wconf 90' lang='lat' dir='ltr'><strong>est</strong></span> 
     </span>
    </p>
   </div>
   <div class='ocr_carea' id='block_1_6' title="bbox 132 2046 1110 3543">
    <p class='ocr_par' dir='ltr' id='par_1_6' title="bbox 132 2046 1107 2207">
     <span class='ocr_line' id='line_1_22' title="bbox 132 2046 1107 2123; baseline -0.006 -13"><span class='ocrx_word' id='word_1_177' title='bbox 132 2050 271 2110; x_wconf 84' lang='lat' dir='ltr'><strong>auditus:</strong></span> <span class='ocrx_word' id='word_1_178' title='bbox 292 2047 433 2110; x_wconf 89' lang='lat' dir='ltr'><strong>omnibus</strong></span> <span class='ocrx_word' id='word_1_179' title='bbox 455 2047 624 2109; x_wconf 86' lang='lat' dir='ltr'><strong>honoribus</strong></span> <span class='ocrx_word' id='word_1_180' title='bbox 645 2046 885 2123; x_wconf 88' lang='lat' dir='ltr'><strong>muneribusque</strong></span> <span class='ocrx_word' id='word_1_181' title='bbox 906 2053 937 2107; x_wconf 92' lang='lat' dir='ltr'><strong>et</strong></span> <span class='ocrx_word' id='word_1_182' title='bbox 957 2061 1107 2121; x_wconf 90' lang='lat' dir='ltr'><strong>praesens</strong></span> 
     </span>
     <span class='ocr_line' id='line_1_23' title="bbox 133 2130 868 2207; baseline -0.007 -14"><span class='ocrx_word' id='word_1_183' title='bbox 133 2139 181 2193; x_wconf 87' lang='lat' dir='ltr'><strong>est</strong></span> <span class='ocrx_word' id='word_1_184' title='bbox 195 2133 294 2192; x_wconf 90' lang='lat' dir='ltr'><strong>cultus</strong></span> <span class='ocrx_word' id='word_1_185' title='bbox 310 2137 341 2192; x_wconf 89' lang='lat' dir='ltr'><strong>et</strong></span> <span class='ocrx_word' id='word_1_186' title='bbox 354 2130 600 2207; x_wconf 84' lang='lat' dir='ltr'><strong>proticiscentem</strong></span> <span class='ocrx_word' id='word_1_187' title='bbox 616 2131 773 2206; x_wconf 87' lang='lat' dir='ltr'><strong>prosecuti</strong></span> <span class='ocrx_word' id='word_1_188' title='bbox 787 2137 868 2191; x_wconf 88' lang='lat' dir='ltr'><strong>sunt.</strong></span> 
     </span>
    </p>

    <p class='ocr_par' dir='ltr' id='par_1_7' title="bbox 132 2212 1110 3543">
     <span class='ocr_line' id='line_1_24' title="bbox 215 2212 1108 2290; baseline -0.001 -16"><span class='ocrx_word' id='word_1_189' title='bbox 215 2215 297 2275; x_wconf 89' lang='lat' dir='ltr'><strong>Inter</strong></span> <span class='ocrx_word' id='word_1_190' title='bbox 317 2218 426 2277; x_wconf 91' lang='lat' dir='ltr'><strong>multas</strong></span> <span class='ocrx_word' id='word_1_191' title='bbox 445 2215 541 2276; x_wconf 82' lang='lat' dir='ltr'><strong>Asiae</strong></span> <span class='ocrx_word' id='word_1_192' title='bbox 556 2215 765 2290; x_wconf 86' lang='lat' dir='ltr'><strong>Graeciaeque</strong></span> <span class='ocrx_word' id='word_1_193' title='bbox 783 2214 952 2290; x_wconf 82' lang='lat' dir='ltr'><strong>legationes</strong></span> <span class='ocrx_word' id='word_1_194' title='bbox 972 2212 1108 2273; x_wconf 90' lang='lat' dir='ltr'><strong>Rhodio-</strong></span> 
     </span>
     <span class='ocr_line' id='line_1_25' title="bbox 132 2296 1107 2374; baseline -0.002 -14"><span class='ocrx_word' id='word_1_195' title='bbox 132 2316 200 2360; x_wconf 89' lang='lat' dir='ltr'><strong>rum</strong></span> <span class='ocrx_word' id='word_1_196' title='bbox 210 2298 342 2358; x_wconf 87' lang='lat' dir='ltr'><strong>maxime</strong></span> <span class='ocrx_word' id='word_1_197' title='bbox 352 2298 443 2374; x_wconf 90' lang='lat' dir='ltr'><strong>legati</strong></span> <span class='ocrx_word' id='word_1_198' title='bbox 454 2298 604 2360; x_wconf 85' lang='lat' dir='ltr'><strong>civitatem</strong></span> <span class='ocrx_word' id='word_1_199' title='bbox 616 2305 840 2360; x_wconf 87' lang='lat' dir='ltr'><strong>converterunt</strong></span> <span class='ocrx_word' id='word_1_200' title='bbox 853 2312 999 2357; x_wconf 90' lang='lat' dir='ltr'><strong>namoum</strong></span> <span class='ocrx_word' id='word_1_201' title='bbox 1009 2296 1107 2372; x_wconf 88' lang='lat' dir='ltr'><strong>primo</strong></span> 
     </span>
     <span class='ocr_line' id='line_1_26' title="bbox 132 2380 1106 2459; baseline -0.003 -17"><span class='ocrx_word' id='word_1_202' title='bbox 132 2383 162 2442; x_wconf 90' lang='lat' dir='ltr'><strong>in</strong></span> <span class='ocrx_word' id='word_1_203' title='bbox 176 2390 263 2444; x_wconf 88' lang='lat' dir='ltr'><strong>veste</strong></span> <span class='ocrx_word' id='word_1_204' title='bbox 278 2382 408 2443; x_wconf 87' lang='lat' dir='ltr'><strong>eandida</strong></span> <span class='ocrx_word' id='word_1_205' title='bbox 421 2382 480 2444; x_wconf 89' lang='lat' dir='ltr'><strong>visi</strong></span> <span class='ocrx_word' id='word_1_206' title='bbox 494 2390 608 2456; x_wconf 82' lang='lat' dir='ltr'><strong>essent</strong></span> <span class='ocrx_word' id='word_1_207' title='bbox 623 2382 708 2459; x_wconf 92' lang='lat' dir='ltr'><strong>quod</strong></span> <span class='ocrx_word' id='word_1_208' title='bbox 723 2389 755 2443; x_wconf 89' lang='lat' dir='ltr'><strong>et</strong></span> <span class='ocrx_word' id='word_1_209' title='bbox 766 2381 954 2457; x_wconf 74' lang='lat' dir='ltr'><strong>gratulantes</strong></span> <span class='ocrx_word' id='word_1_210' title='bbox 970 2380 1106 2453; x_wconf 87' lang='lat' dir='ltr'><strong>decebat,</strong></span> 
     </span>
     <span class='ocr_line' id='line_1_27' title="bbox 133 2464 1109 2542; baseline -0.002 -16"><span class='ocrx_word' id='word_1_211' title='bbox 133 2474 165 2528; x_wconf 91' lang='lat' dir='ltr'><strong>et</strong></span> <span class='ocrx_word' id='word_1_212' title='bbox 175 2466 202 2527; x_wconf 90' lang='lat' dir='ltr'><strong>si</strong></span> <span class='ocrx_word' id='word_1_213' title='bbox 213 2467 369 2528; x_wconf 89' lang='lat' dir='ltr'><strong>sordidam</strong></span> <span class='ocrx_word' id='word_1_214' title='bbox 381 2475 498 2528; x_wconf 90' lang='lat' dir='ltr'><strong>vestem</strong></span> <span class='ocrx_word' id='word_1_215' title='bbox 509 2466 698 2541; x_wconf 84' lang='lat' dir='ltr'><strong>habuissent,</strong></span> <span class='ocrx_word' id='word_1_216' title='bbox 710 2465 876 2542; x_wconf 86' lang='lat' dir='ltr'><strong>lugentium</strong></span> <span class='ocrx_word' id='word_1_217' title='bbox 886 2464 991 2526; x_wconf 87' lang='lat' dir='ltr'><strong>Persei</strong></span> <span class='ocrx_word' id='word_1_218' title='bbox 1003 2479 1109 2524; x_wconf 89' lang='lat' dir='ltr'><strong>casum</strong></span> 
     </span>
     <span class='ocr_line' id='line_1_28' title="bbox 134 2546 1108 2628; baseline -0.001 -19"><span class='ocrx_word' id='word_1_219' title='bbox 134 2551 282 2627; x_wconf 87' lang='lat' dir='ltr'><strong>praebere</strong></span> <span class='ocrx_word' id='word_1_220' title='bbox 292 2550 427 2626; x_wconf 90' lang='lat' dir='ltr'><strong>speciem</strong></span> <span class='ocrx_word' id='word_1_221' title='bbox 440 2557 588 2628; x_wconf 82' lang='lat' dir='ltr'><strong>poterant,</strong></span> <span class='ocrx_word' id='word_1_222' title='bbox 603 2557 767 2628; x_wconf 89' lang='lat' dir='ltr'><strong>postquam</strong></span> <span class='ocrx_word' id='word_1_223' title='bbox 779 2549 909 2612; x_wconf 87' lang='lat' dir='ltr'><strong>consulti</strong></span> <span class='ocrx_word' id='word_1_224' title='bbox 920 2549 959 2609; x_wconf 90' lang='lat' dir='ltr'><strong>ab</strong></span> <span class='ocrx_word' id='word_1_225' title='bbox 969 2547 1009 2607; x_wconf 87' lang='lat' dir='ltr'><strong>M.</strong></span> <span class='ocrx_word' id='word_1_226' title='bbox 1022 2546 1108 2608; x_wconf 92' lang='lat' dir='ltr'><strong>Iunio</strong></span> 
     </span>
     <span class='ocr_line' id='line_1_29' title="bbox 135 2631 1108 2709; baseline -0.003 -15"><span class='ocrx_word' id='word_1_227' title='bbox 135 2636 262 2694; x_wconf 90' lang='lat' dir='ltr'><strong>consule</strong></span> <span class='ocrx_word' id='word_1_228' title='bbox 276 2640 378 2709; x_wconf 90' lang='lat' dir='ltr'><strong>patres</strong></span> <span class='ocrx_word' id='word_1_229' title='bbox 394 2634 545 2696; x_wconf 88' lang='lat' dir='ltr'><strong>stantibus</strong></span> <span class='ocrx_word' id='word_1_230' title='bbox 559 2635 590 2694; x_wconf 93' lang='lat' dir='ltr'><strong>in</strong></span> <span class='ocrx_word' id='word_1_231' title='bbox 605 2635 726 2696; x_wconf 90' lang='lat' dir='ltr'><strong>comitio</strong></span> <span class='ocrx_word' id='word_1_232' title='bbox 741 2631 860 2709; x_wconf 87' lang='lat' dir='ltr'><strong>legatis,</strong></span> <span class='ocrx_word' id='word_1_233' title='bbox 874 2648 913 2692; x_wconf 93' lang='lat' dir='ltr'><strong>an</strong></span> <span class='ocrx_word' id='word_1_234' title='bbox 928 2633 1029 2692; x_wconf 83' lang='lat' dir='ltr'><strong>lecum</strong></span> <span class='ocrx_word' id='word_1_235' title='bbox 1044 2633 1108 2691; x_wconf 91' lang='lat' dir='ltr'><strong>lan-</strong></span> 
     </span>
     <span class='ocr_line' id='line_1_30' title="bbox 134 2715 1109 2793; baseline -0.001 -18"><span class='ocrx_word' id='word_1_236' title='bbox 134 2717 176 2776; x_wconf 82' lang='lat' dir='ltr'><strong>tia</strong></span> <span class='ocrx_word' id='word_1_237' title='bbox 190 2721 390 2791; x_wconf 86' lang='lat' dir='ltr'><strong>senatumque</strong></span> <span class='ocrx_word' id='word_1_238' title='bbox 403 2718 519 2792; x_wconf 79' lang='lat' dir='ltr'><strong>darent,</strong></span> <span class='ocrx_word' id='word_1_239' title='bbox 534 2719 649 2778; x_wconf 90' lang='lat' dir='ltr'><strong>nullum</strong></span> <span class='ocrx_word' id='word_1_240' title='bbox 662 2718 815 2793; x_wconf 89' lang='lat' dir='ltr'><strong>hospitale</strong></span> <span class='ocrx_word' id='word_1_241' title='bbox 829 2718 878 2779; x_wconf 88' lang='lat' dir='ltr'><strong>ius</strong></span> <span class='ocrx_word' id='word_1_242' title='bbox 892 2717 922 2775; x_wconf 95' lang='lat' dir='ltr'><strong>in</strong></span> <span class='ocrx_word' id='word_1_243' title='bbox 933 2715 971 2775; x_wconf 93' lang='lat' dir='ltr'><strong>iis</strong></span> <span class='ocrx_word' id='word_1_244' title='bbox 982 2730 1109 2777; x_wconf 87' lang='lat' dir='ltr'><strong>servan-</strong></span> 
     </span>
     <span class='ocr_line' id='line_1_31' title="bbox 136 2798 1109 2874; baseline 0 -17"><span class='ocrx_word' id='word_1_245' title='bbox 136 2798 210 2858; x_wconf 91' lang='lat' dir='ltr'><strong>dum</strong></span> <span class='ocrx_word' id='word_1_246' title='bbox 231 2807 428 2872; x_wconf 86' lang='lat' dir='ltr'><strong>censuerunt,</strong></span> <span class='ocrx_word' id='word_1_247' title='bbox 451 2815 599 2874; x_wconf 85' lang='lat' dir='ltr'><strong>egressus</strong></span> <span class='ocrx_word' id='word_1_248' title='bbox 620 2818 638 2861; x_wconf 89' lang='lat' dir='ltr'><strong>e</strong></span> <span class='ocrx_word' id='word_1_249' title='bbox 657 2801 742 2860; x_wconf 89' lang='lat' dir='ltr'><strong>curia</strong></span> <span class='ocrx_word' id='word_1_250' title='bbox 761 2801 885 2872; x_wconf 87' lang='lat' dir='ltr'><strong>consul,</strong></span> <span class='ocrx_word' id='word_1_251' title='bbox 908 2815 976 2859; x_wconf 86' lang='lat' dir='ltr'><strong>cunr</strong></span> <span class='ocrx_word' id='word_1_252' title='bbox 996 2798 1109 2861; x_wconf 90' lang='lat' dir='ltr'><strong>Rhodii</strong></span> 
     </span>
     <span class='ocr_line' id='line_1_32' title="bbox 135 2880 1109 2958; baseline 0 -18"><span class='ocrx_word' id='word_1_253' title='bbox 135 2880 317 2957; x_wconf 87' lang='lat' dir='ltr'><strong>gratulatum</strong></span> <span class='ocrx_word' id='word_1_254' title='bbox 337 2896 373 2940; x_wconf 92' lang='lat' dir='ltr'><strong>se</strong></span> <span class='ocrx_word' id='word_1_255' title='bbox 394 2881 433 2941; x_wconf 90' lang='lat' dir='ltr'><strong>de</strong></span> <span class='ocrx_word' id='word_1_256' title='bbox 452 2880 581 2942; x_wconf 90' lang='lat' dir='ltr'><strong>victoria</strong></span> <span class='ocrx_word' id='word_1_257' title='bbox 601 2890 824 2958; x_wconf 89' lang='lat' dir='ltr'><strong>purgatumque</strong></span> <span class='ocrx_word' id='word_1_258' title='bbox 838 2882 968 2943; x_wconf 90' lang='lat' dir='ltr'><strong>civitatis</strong></span> <span class='ocrx_word' id='word_1_259' title='bbox 985 2882 1109 2943; x_wconf 85' lang='lat' dir='ltr'><strong>crimina</strong></span> 
     </span>
     <span class='ocr_line' id='line_1_33' title="bbox 136 2962 1109 3041; baseline 0.001 -17"><span class='ocrx_word' id='word_1_260' title='bbox 136 2965 274 3025; x_wconf 89' lang='lat' dir='ltr'><strong>dicentes</strong></span> <span class='ocrx_word' id='word_1_261' title='bbox 288 2962 413 3025; x_wconf 86' lang='lat' dir='ltr'><strong>venisse</strong></span> <span class='ocrx_word' id='word_1_262' title='bbox 427 2964 592 3040; x_wconf 88' lang='lat' dir='ltr'><strong>petissent,</strong></span> <span class='ocrx_word' id='word_1_263' title='bbox 612 2974 646 3027; x_wconf 92' lang='lat' dir='ltr'><strong>ut</strong></span> <span class='ocrx_word' id='word_1_264' title='bbox 665 2971 791 3027; x_wconf 87' lang='lat' dir='ltr'><strong>senatus</strong></span> <span class='ocrx_word' id='word_1_265' title='bbox 806 2964 865 3025; x_wconf 91' lang='lat' dir='ltr'><strong>sibi</strong></span> <span class='ocrx_word' id='word_1_266' title='bbox 880 2965 1018 3038; x_wconf 89' lang='lat' dir='ltr'><strong>daretur,</strong></span> <span class='ocrx_word' id='word_1_267' title='bbox 1039 2981 1109 3041; x_wconf 85' lang='lat' dir='ltr'><strong>pro·</strong></span> 
     </span>
     <span class='ocr_line' id='line_1_34' title="bbox 135 3047 1109 3125; baseline -0.002 -17"><span class='ocrx_word' id='word_1_268' title='bbox 135 3048 261 3121; x_wconf 73' lang='lat' dir='ltr'><strong>nuntiat,</strong></span> <span class='ocrx_word' id='word_1_269' title='bbox 283 3048 378 3110; x_wconf 92' lang='lat' dir='ltr'><strong>sociis</strong></span> <span class='ocrx_word' id='word_1_270' title='bbox 393 3053 424 3109; x_wconf 87' lang='lat' dir='ltr'><strong>et</strong></span> <span class='ocrx_word' id='word_1_271' title='bbox 437 3047 542 3108; x_wconf 85' lang='lat' dir='ltr'><strong>amicis</strong></span> <span class='ocrx_word' id='word_1_272' title='bbox 557 3055 588 3110; x_wconf 89' lang='lat' dir='ltr'><strong>et</strong></span> <span class='ocrx_word' id='word_1_273' title='bbox 601 3048 660 3109; x_wconf 90' lang='lat' dir='ltr'><strong>alia</strong></span> <span class='ocrx_word' id='word_1_274' title='bbox 676 3049 800 3111; x_wconf 87' lang='lat' dir='ltr'><strong>comiter</strong></span> <span class='ocrx_word' id='word_1_275' title='bbox 814 3054 906 3122; x_wconf 89' lang='lat' dir='ltr'><strong>atque</strong></span> <span class='ocrx_word' id='word_1_276' title='bbox 920 3049 1109 3125; x_wconf 89' lang='lat' dir='ltr'><strong>hospitaliter</strong></span> 
     </span>
     <span class='ocr_line' id='line_1_35' title="bbox 134 3132 1108 3208; baseline -0.001 -17"><span class='ocrx_word' id='word_1_277' title='bbox 134 3137 294 3208; x_wconf 80' lang='lat' dir='ltr'><strong>praestare</strong></span> <span class='ocrx_word' id='word_1_278' title='bbox 307 3134 464 3193; x_wconf 88' lang='lat' dir='ltr'><strong>Romanos</strong></span> <span class='ocrx_word' id='word_1_279' title='bbox 478 3141 509 3192; x_wconf 91' lang='lat' dir='ltr'><strong>et</strong></span> <span class='ocrx_word' id='word_1_280' title='bbox 521 3140 661 3194; x_wconf 91' lang='lat' dir='ltr'><strong>senatum</strong></span> <span class='ocrx_word' id='word_1_281' title='bbox 676 3133 750 3193; x_wconf 87' lang='lat' dir='ltr'><strong>dare</strong></span> <span class='ocrx_word' id='word_1_282' title='bbox 764 3147 948 3194; x_wconf 62' lang='lat' dir='ltr'><strong>consuesset</strong></span> <span class='ocrx_word' id='word_1_283' title='bbox 970 3132 1108 3194; x_wconf 84' lang='lat' dir='ltr'><strong>Rhodios</strong></span> 
     </span>
     <span class='ocr_line' id='line_1_36' title="bbox 134 3215 1108 3290; baseline -0.001 -15"><span class='ocrx_word' id='word_1_284' title='bbox 134 3232 196 3277; x_wconf 91' lang='lat' dir='ltr'><strong>non</strong></span> <span class='ocrx_word' id='word_1_285' title='bbox 212 3216 254 3276; x_wconf 88' lang='lat' dir='ltr'><strong>ita</strong></span> <span class='ocrx_word' id='word_1_286' title='bbox 271 3216 395 3278; x_wconf 87' lang='lat' dir='ltr'><strong>meritos</strong></span> <span class='ocrx_word' id='word_1_287' title='bbox 411 3231 448 3277; x_wconf 93' lang='lat' dir='ltr'><strong>eo</strong></span> <span class='ocrx_word' id='word_1_288' title='bbox 463 3216 560 3290; x_wconf 89' lang='lat' dir='ltr'><strong>bello,</strong></span> <span class='ocrx_word' id='word_1_289' title='bbox 582 3225 614 3277; x_wconf 91' lang='lat' dir='ltr'><strong>ut</strong></span> <span class='ocrx_word' id='word_1_290' title='bbox 632 3217 798 3277; x_wconf 89' lang='lat' dir='ltr'><strong>amicorum</strong></span> <span class='ocrx_word' id='word_1_291' title='bbox 813 3215 968 3281; x_wconf 87' lang='lat' dir='ltr'><strong>sociorum</strong></span> <span class='ocrx_word' id='word_1_292' title='bbox 981 3231 1108 3277; x_wconf 89' lang='lat' dir='ltr'><strong>numero</strong></span> 
     </span>
     <span class='ocr_line' id='line_1_37' title="bbox 134 3297 1108 3377; baseline -0.005 -19"><span class='ocrx_word' id='word_1_293' title='bbox 134 3297 269 3360; x_wconf 82' lang='lat' dir='ltr'><strong>habendi</strong></span> <span class='ocrx_word' id='word_1_294' title='bbox 287 3299 357 3362; x_wconf 88' lang='lat' dir='ltr'><strong>sint</strong></span> <span class='ocrx_word' id='word_1_295' title='bbox 384 3298 433 3360; x_wconf 88' lang='lat' dir='ltr'><strong>his</strong></span> <span class='ocrx_word' id='word_1_296' title='bbox 453 3300 564 3362; x_wconf 86' lang='lat' dir='ltr'><strong>auditis</strong></span> <span class='ocrx_word' id='word_1_297' title='bbox 585 3306 818 3377; x_wconf 87' lang='lat' dir='ltr'><strong>prostraverunt</strong></span> <span class='ocrx_word' id='word_1_298' title='bbox 838 3315 873 3361; x_wconf 90' lang='lat' dir='ltr'><strong>se</strong></span> <span class='ocrx_word' id='word_1_299' title='bbox 894 3314 1001 3362; x_wconf 87' lang='lat' dir='ltr'><strong>omnes</strong></span> <span class='ocrx_word' id='word_1_300' title='bbox 1016 3297 1108 3369; x_wconf 89' lang='lat' dir='ltr'><strong>humi,</strong></span> 
     </span>
     <span class='ocr_line' id='line_1_38' title="bbox 136 3383 1110 3460; baseline -0.005 -18"><span class='ocrx_word' id='word_1_301' title='bbox 136 3384 357 3459; x_wconf 88' lang='lat' dir='ltr'><strong>consulemque</strong></span> <span class='ocrx_word' id='word_1_302' title='bbox 378 3391 409 3444; x_wconf 89' lang='lat' dir='ltr'><strong>et</strong></span> <span class='ocrx_word' id='word_1_303' title='bbox 430 3391 557 3446; x_wconf 88' lang='lat' dir='ltr'><strong>cunctos</strong></span> <span class='ocrx_word' id='word_1_304' title='bbox 579 3383 632 3460; x_wconf 91' lang='lat' dir='ltr'><strong>qui</strong></span> <span class='ocrx_word' id='word_1_305' title='bbox 653 3385 782 3446; x_wconf 88' lang='lat' dir='ltr'><strong>aderant</strong></span> <span class='ocrx_word' id='word_1_306' title='bbox 802 3392 941 3456; x_wconf 85' lang='lat' dir='ltr'><strong>orantes,</strong></span> <span class='ocrx_word' id='word_1_307' title='bbox 966 3397 1006 3440; x_wconf 89' lang='lat' dir='ltr'><strong>ne</strong></span> <span class='ocrx_word' id='word_1_308' title='bbox 1028 3394 1110 3440; x_wconf 89' lang='lat' dir='ltr'><strong>nova</strong></span> 
     </span>
     <span class='ocr_line' id='line_1_39' title="bbox 137 3465 1110 3543; baseline 0 -20"><span class='ocrx_word' id='word_1_309' title='bbox 137 3465 275 3541; x_wconf 78' lang='lat' dir='ltr'><strong>falsaque</strong></span> <span class='ocrx_word' id='word_1_310' title='bbox 297 3467 422 3528; x_wconf 84' lang='lat' dir='ltr'><strong>erimina</strong></span> <span class='ocrx_word' id='word_1_311' title='bbox 444 3469 513 3543; x_wconf 93' lang='lat' dir='ltr'><strong>plus</strong></span> <span class='ocrx_word' id='word_1_312' title='bbox 529 3468 642 3529; x_wconf 86' lang='lat' dir='ltr'><strong>obesse</strong></span> <span class='ocrx_word' id='word_1_313' title='bbox 656 3468 785 3530; x_wconf 87' lang='lat' dir='ltr'><strong>Rhodiis</strong></span> <span class='ocrx_word' id='word_1_314' title='bbox 801 3483 932 3543; x_wconf 89' lang='lat' dir='ltr'><strong>aequum</strong></span> <span class='ocrx_word' id='word_1_315' title='bbox 948 3468 1110 3523; x_wconf 82' lang='lat' dir='ltr'><strong>censerent</strong></span> 
     </span>
    </p>
   </div>
   <div class='ocr_carea' id='block_1_7' title="bbox 0 0 1333 4017">
    <p class='ocr_par' dir='ltr' id='par_1_8' title="bbox 0 0 1333 4017">
     <span class='ocr_line' id='line_1_40' title="bbox 0 0 1333 4017; baseline 0 0"><span class='ocrx_word' id='word_1_316' title='bbox 0 0 1333 4017; x_wconf 95' lang='lat' dir='ltr'><strong> </strong></span> 
     </span>
    </p>
   </div>
  </div>
 </body>
</html>
