2642 4017
263 279 461 341 EPITOMAE
475 280 680 342 LIBRORUM
695 281 925 341 CXXX—CXL.
1022 279 1083 342 319

156 428 243 470 CXXX.
258 429 289 471 Μ.
304 429 413 471 Antonius
428 427 479 470 dum
494 441 543 471 curn
558 429 676 483 Cleopatra
690 430 846 479 luxuriaretur,
861 428 925 470 terrie
940 428 1036 470 ltiedinrn
1050 430 1081 469 in·

98 491 192 533 gressus
211 480 295 523 beilum
310 494 359 523 oum
377 482 503 534 legionibus
518 483 594 524 decem
613 486 637 524 et
650 487 701 524 octo
716 487 740 525 et
753 482 865 526 sexdecim
881 482 970 522 mtiihus
984 484 1081 535 equitnm

99 535 190 577 Parthis
204 536 292 587 intulit,
308 538 332 577 et
345 545 395 577 euru
410 536 496 577 duabus
511 536 636 588 legionibus
649 538 747 587 emissis,
762 535 826 577 uuile
837 546 861 577 re
872 545 978 589 prospere
989 536 1082 579 cedente

98 593 160 631 retro
176 589 267 641 rediret,
281 591 387 630 insecutis
401 590 495 632 subinde
509 590 605 641 Parthis,
620 593 643 631 et
656 592 742 644 ingenti
756 589 905 642 trepidatione
918 592 942 630 et
955 600 1035 642 magno
1049 593 1076 630 to-

99 643 146 684 tius
161 644 272 685 exercitus
284 643 384 697 periculo
398 643 421 685 iu
435 645 559 685 Armeniam
573 654 679 687 reversus
692 648 739 695 est,
754 645 834 696 viginti
848 645 872 684 et
886 654 929 683 uuo
945 641 1024 683 diebus
1038 645 1081 685 tre·

98 700 166 739 rente
184 697 245 737 milis
262 696 314 749 ingr
333 707 443 741 emensus.
464 699 523 739 circs
542 701 592 738 ocio
611 698 673 738 milis
686 696 800 740 hominurn
814 696 984 750 tempestatibus
997 697 1080 742 emisit.

98 752 247 804 tempestates
260 761 349 803 quoque
363 751 456 792 infestus
475 762 542 805 super
560 755 604 793 tum
619 752 739 794 infeliciter
753 754 881 806 susceptum
895 749 1021 792 Prrthioom
1035 750 1082 791 bel·

99 804 146 845 lum
161 805 281 898 ιιιΙξιιᾶιιι
295 814 375 858 pessus
389 808 431 856 est,
447 804 499 857 quis
513 804 609 847 hiemare
628 808 649 846 in
664 807 768 847 Armenio
783 806 873 847 nolebat
908 804 960 844 dum
975 804 1003 845 ed
1017 804 1081 847 Cleo·

98 864 187 911 petrem
208 868 231 898 es
251 862 296 900 nrt.

155 912 253 955 cxxxi.
267 911 321 953 Sex.
335 912 455 967 Pompeius
469 924 516 954 com
531 914 554 955 in
568 913 633 955 fldem
648 915 679 955 Μ.
695 914 783 955 Antonii
798 914 890 966 reniret,
905 915 988 956 beilum
1003 915 1081 956 sdver-

98 975 139 1006 sus
153 978 203 1007 enm
217 968 239 1006 iu
253 968 307 1008 Asin
320 966 426 1017 moilens,
441 977 562 1020 oppressus
577 981 589 1009 a
605 967 685 1019 legetis
699 970 748 1011 eius
761 968 849 1010 occisus
864 972 904 1009 est.
927 969 1008 1010 cresin
1022 968 1081 1008 sedi·

99 1021 185 1061 tionem
200 1022 354 1062 veteranorum
375 1031 424 1061 curu
443 1033 521 1074 mogun
539 1023 638 1075 pernicie
657 1025 739 1063 mntem
753 1020 860 1073 inhibuit,
880 1022 977 1076 lapydss
991 1026 1013 1063 et
1027 1021 1080 1063 Dni-

99 1078 171 1115 metas
185 1076 208 1114 et
219 1074 347 1116 Pannonios
361 1075 457 1128 subegit.
473 1077 583 1118 Antonius
592 1076 737 1118 Artavasden
746 1077 863 1118 Armeniae
870 1087 952 1130 regem,
967 1077 1011 1117 iide
1026 1076 1079 1116 dete

98 1127 238 1180 perductum,
252 1128 275 1170 Ιιι
283 1128 371 1170 vineole
378 1130 447 1171 oonioi
459 1130 532 1178 iussit,
542 1140 683 1183 regnumque,
689 1132 807 1172 Armeniae
817 1128 863 1171 olio
874 1141 915 1171 suo
924 1142 953 1172 ex
961 1131 1080 1184 cleopatra

98 1186 152 1222 usto
167 1181 235 1231 dedit,
250 1192 315 1235 quem
329 1184 406 1223 uxoris
416 1184 474 1233 loco,
488 1184 624 1277 iampridem
636 1185 795 1235 ceptusrmore
804 1185 861 1236 eins,
876 1183 1078 1238 heberecoeperut.

153 1235 261 1281 cxxxti.
277 1238 359 1279 coesus
373 1237 394 1277 in
408 1236 435 1277 ill
472 1236 541 1278 colle
550 1241 621 1279 metus
634 1237 727 1282 domuit.
744 1250 793 1279 curn
807 1238 839 1281 Μ,
853 1240 963 1280 Antonius
977 1239 1005 1280 oh
1021 1250 1076 1279 nmo

97 1300 145 1330 rem
160 1291 304 1343 cleopatrae,
324 1301 353 1331 ex
368 1301 412 1342 qus
442 1302 482 1332 uos
496 1289 554 1331 diios
567 1290 675 1342 habebnt,
695 1289 866 1344 Philadelphum
881 1295 904 1333 et
918 1292 1075 1343 Alexandrum,

98 1346 218 1450 titini,
232 1344 495 1450 lilinqi‘iinizili,
510 1345 671 1450 iiiiniiii
682 1346 1079 1450 iiiii*itiin‘tininiiiiiiii

98 1450 216 1491 usveiibus
231 1461 296 1502 quum
315 1451 459 1492 terrestribus
481 1453 551 1504 copiis
568 1452 596 1491 ob
611 1450 654 1492 hoo
669 1452 802 1502 contractis,
821 1454 959 1504 remissoque
973 1451 1078 1493 oetrvier

97 1506 170 1545 sorori
191 1503 294 1545 Caesaris
314 1502 420 1557 repudio,
441 1505 523 1547 crem
541 1505 563 1544 iu
583 1505 675 1558 Epirum
697 1518 745 1547 rum
767 1505 864 1545 exercitu
878 1506 973 1551 traiecit,
992 1516 1076 1559 pugnae

99 1555 182 1599 deinde
196 1556 288 1597 noveles
302 1559 324 1597 et
337 1557 424 1610 proelis
438 1559 552 1610 equestris
565 1558 664 1599 secunde
678 1559 782 1602 Οιοιιιιι
795 1558 929 1604 referuntur,

153 1609 270 1653 cxxxiii.
289 1610 320 1650 iii.
335 1610 445 1651 Antonius
464 1610 493 1651 sd
507 1611 594 1653 Aetium
612 1612 686 1654 edesse
706 1613 779 1653 victus
792 1610 955 1653 Alexandream
969 1611 1079 1664 profugit,

98 1667 252 1717 obsessusque
266 1664 382 1705 ncresnre
397 1666 419 1705 in
435 1665 513 1706 ultime
527 1674 599 1706 rerum
607 1667 771 1718 desperatione,
786 1667 906 1719 praecipue
916 1665 1003 1707 occisso
1013 1665 1075 1707 Cleo·

98 1722 177 1774 patrue
192 1718 249 1760 inlso
262 1728 350 1758 rumore
364 1718 481 1771 impulsus,
496 1728 521 1759 se
535 1721 584 1770 ipse
598 1718 718 1765 interiecit.
734 1720 815 1762 caesor
828 1719 968 1761 Alexandrea
982 1720 1005 1761 in
1016 1721 1075 1773 pote

98 1776 180 1816 statem
193 1772 291 1821 redacte,
306 1772 434 1825 cleopatra,
449 1784 477 1813 ne
491 1773 513 1812 in
527 1773 641 1814 arbitrium
655 1774 748 1817 victoris
762 1773 855 1823 veniret,
871 1774 995 1817 voluntarie
1009 1777 1079 1814 morte

99 1827 214 1876 deiuuete,
230 1827 253 1866 in
268 1825 343 1866 urbem
357 1835 462 1867 reversus
475 1829 522 1866 tres
536 1826 660 1881 triumphos
675 1829 731 1880 egit,
748 1839 815 1869 ιιιιιιιιι
829 1839 858 1869 ex
872 1828 968 1880 illyrico,
983 1827 1078 1869 elterum

99 1893 129 1922 ex
142 1882 232 1921 Aetione
246 1881 346 1930 victoria,
362 1881 452 1921 tertium
467 1880 495 1921 de
505 1880 631 1934 cleopatra,
647 1881 751 1933 imposito
764 1882 808 1923 dno
822 1881 925 1924 civilibus
934 1882 1000 1922 hellis
1007 1882 1078 1923 altero

100 1938 123 1975 et
136 1935 244 1986 vigesimo
259 1945 325 1976 sono.
340 1935 372 1975 Μ.
384 1935 482 1987 Lepidus
489 1934 574 1987 Lepidi,
590 1937 628 1987 qni
643 1935 831 1985 triumviriuersi,
846 1936 913 1985 iilius,
928 1936 1079 1977 coniuratione

99 1987 209 2030 adversus
224 1989 341 2031 Caesarem
356 1987 414 2029 iaetu
428 1988 511 2029 bellum
526 1989 626 2039 moliens,
642 2000 765 2042 oppressus
780 1992 802 2031 et
816 1990 903 2030 occisus
918 1993 961 2033 est.

153 2040 269 2084 cxxxiv.
285 2040 367 2083 Caesar
381 2043 448 2083 rebus
462 2043 600 2096 compositio,
615 2046 637 2083 et
651 2045 753 2085 omuibus
767 2044 890 2096 provinciis
903 2043 925 2082 in
941 2044 1023 2083 eertum
1035 2042 1077 2082 ior·

98 2106 155 2136 mern
169 2094 266 2137 reductis
280 2098 393 2148 Augustus
408 2106 498 2149 quoque
516 2097 683 2148 cognominetur
697 2100 744 2147 est,
763 2102 786 2138 et
799 2098 881 2138 mensis
895 2096 989 2138 Sextilis
1003 2096 1025 2135 in
1040 2095 1078 2135 bo-

99 2161 174 2191 norem
194 2151 242 2191 etus
261 2150 388 2203 appellatus
402 2154 445 2195 est.
466 2162 515 2191 oum
531 2150 572 2191 ille
586 2154 718 2193 conventum
738 2150 844 2193 Narbone
862 2153 951 2202 egeret,
971 2158 1079 2191 censoru

99 2205 170 2245 trihus
185 2202 273 2254 (iatine,
289 2214 345 2255 ques
359 2204 441 2246 caerae
454 2206 519 2258 peter
533 2206 630 2255 vicent,
643 2208 715 2249 seius.
738 2205 821 2247 beilum
835 2203 943 2246 adversos
957 2202 1079 2245 Basternas

99 2263 122 2300 et
135 2259 224 2299 Moesos
238 2260 261 2298 et
274 2258 331 2300 elius
345 2261 424 2311 gentes
438 2269 451 2299 ι
465 2258 496 2300 Μ.
511 2258 593 2301 cresso
607 2265 694 2312 gestum
709 2259 812 2300 retertur.

154 2311 260 2356 CXXXV.
282 2310 370 2353 Bellum
384 2323 397 2352 ι
411 2313 444 2354 Μ.
459 2314 540 2356 cresso
560 2312 668 2355 adversos
682 2312 779 2355 Threces
798 2316 821 2354 et
835 2325 849 2353 r
863 2313 958 2355 caestre
971 2311 1079 2356 silverius

99 2365 209 2420 llispnnos
222 2367 310 2417 gestum
323 2366 426 2416 refertur,
441 2370 464 2407 et
478 2365 572 2417 Salassi,
587 2378 642 2418 gens
655 2366 744 2421 Alpina,
758 2366 886 2421 perdomiti.

153 2418 270 2464 CXXXVl.
284 2419 363 2462 Rusti·
374 2431 388 2460 ι
396 2420 527 2462 Tilierone
538 2424 561 2460 et
568 2421 642 2463 Druso
650 2420 869 2475 Caesarisprivignis
877 2420 966 2461 domitu.
980 2419 1078 2473 Agrippi

99 2475 200 2518 ῦιιιιιιι
213 2484 282 2526 gener
296 2478 403 2524 mortuus,
419 2478 442 2515 et
455 2488 468 2516 e
482 2474 557 2515 liroeo
571 2485 653 2517 census
667 2476 732 2516 scius
745 2478 789 2518 est.

153 2527 278 2570 cxxxvn.
305 2528 413 2570 civitntes
433 2528 565 2570 Germaniae
584 2530 617 2570 cis
635 2528 736 2571 ltheuum
755 2532 778 2570 et
789 2533 852 2571 treus
870 2526 971 2571 Rhenum
990 2527 1079 2581 positae

98 2585 252 2636 oppugnantur
265 2592 279 2622 s
294 2582 381 2633 Druso,
400 2585 424 2623 et
437 2582 558 2634 tumuitus,
581 2584 620 2636 qui
638 2584 667 2624 ob
687 2594 777 2625 censum
792 2587 884 2625 exortus
899 2585 921 2624 in
937 2580 1010 2625 Gellio
1024 2583 1078 2631 eret,

99 2637 245 2689 compositus,
263 2647 302 2676 ιιι
316 2636 406 2678 Caesari
420 2636 448 2677 sd
463 2637 609 2679 eoniluenieru
623 2639 700 2681 Araris
715 2641 738 2679 et
751 2637 854 2679 iihodnnl
868 2636 984 2686 dedicate,
1005 2646 1078 2676 secer·

99 2689 150 2731 dote
164 2693 238 2730 orento
253 2688 278 2729 C.
294 2689 350 2730 lulio
364 2689 499 2732 Vereundurl
513 2690 587 2732 Dubio
600 2691 687 2733 Aeduo.
730 2724 741 2736 .

153 2741 290 2784 cxxxviii.
304 2741 400 2783 Threces
418 2742 495 2784 domiti
514 2756 528 2784 ι
540 2745 567 2787 h.
583 2744 676 2795 Pisone;
696 2746 749 2786 item
764 2743 871 2788 cherusci
885 2745 986 2786 Tencteri
1003 2741 1078 2786 chetti

99 2796 201 2848 elisoque
220 2793 378 2836 Germanorum
396 2799 458 2837 trans
478 2796 579 2839 Rhenum
599 2803 678 2850 gentes
697 2800 802 2840 subrutae
822 2809 835 2839 ι
853 2798 928 2840 Druso
943 2798 1077 2841 reieruntur.

99 2850 193 2892 oetavis
212 2858 277 2890 soror
291 2849 384 2899 Augusti
399 2848 514 2900 detunsis,
536 2854 602 2891 sntee
615 2853 696 2894 emisso
710 2851 756 2893 filio
769 2852 802 2897 Μ.
817 2850 936 2902 Marcello,
957 2853 1020 2893 euius
1034 2861 1077 2891 mo-

99 2906 202 2945 numents
215 2905 268 2943 suut
282 2900 393 2943 theutrum
407 2906 431 2943 et
444 2904 544 2956 porticus
558 2906 646 2947 nomine
661 2907 710 2947 eius
724 2904 833 2946 dedieste.

153 2955 272 3001 cxxxix
288 2955 375 2997 Bellum
389 2957 498 2999 edversus
512 2957 693 3002 Transrhenanos
706 2962 785 3011 gentes
799 2958 896 3000 eliruso
910 2961 997 3012 gestum
1011 2959 1078 3000 reier·

99 3015 145 3061 tur,
167 3012 190 3052 in
210 3021 255 3063 quo
274 3012 332 3051 inter
349 3010 459 3064 primores
476 3017 631 3065 pugnaverunt
644 3012 763 3055 Seueetinn
777 3015 801 3054 et
814 3014 921 3055 Aneotins
934 3013 1030 3063 tribuni,
1050 3023 1079 3054 ex

100 3067 188 3108 elrltete
201 3064 342 3106 Nerviorum.
363 3063 479 3108 Dalmatas
493 3069 516 3106 et
530 3065 658 3107 Pannonios
672 3065 734 3107 Nero
754 3065 822 3107 ireter
835 3066 903 3108 Drusi
917 3067 1014 3118 subegit.
1034 3077 1078 3121 pnx

100 3131 147 3161 eum
160 3118 250 3162 Parthie
264 3118 323 3159 iactr
339 3122 386 3168 est,
402 3120 472 3171 signis
486 3132 499 3160 ι
513 3130 565 3172 rege
579 3131 668 3171 eorum,
684 3129 742 3172 quoe
756 3121 797 3162 sub
814 3120 893 3163 cresso
908 3124 931 3162 et
944 3125 1022 3175 posteo
1037 3121 1078 3163 sub

99 3175 194 3217 Antonio
209 3176 274 3225 eapte
288 3176 358 3224 erent,
373 3172 475 3219 redditis.
1094 3179 1103 3188 ”

151 3228 215 3271 cxb.
235 3227 324 3269 Bellum
346 3226 455 3269 adversus
470 3227 628 3270 Germanorum
647 3231 710 3269 treus
722 3226 823 3270 Rhenum
846 3230 949 3270 civitates
964 3232 1051 3280 gestum
1065 3239 1078 3267 ιι

99 3280 171 3323 Druso
185 3281 288 3324 retertur.
303 3281 353 3335 lpse
367 3293 396 3323 ex
409 3281 507 3324 irsotnrs
521 3292 579 3335 equo
594 3292 662 3336 super
676 3290 728 3324 erus
742 3282 790 3323 eius
804 3283 905 3336 collapso
916 3282 1028 3324 tricesimo
1043 3280 1080 3321 die

100 3345 163 3387 quem
177 3336 201 3377 id
213 3336 326 3378 recideret
339 3338 437 3377 mortuus
451 3339 492 3378 est.
514 3348 596 3391 eorpus
616 3348 629 3377 e
642 3336 734 3378 Nerone
748 3334 827 3387 iretre,
848 3337 887 3389 qni
901 3337 978 3377 nuntio
992 3333 1077 3375 veletu-

99 3388 156 3429 dintr
176 3393 282 3431 ernestus
302 3390 384 3443 raptim
397 3393 535 3442 recurreret,
558 3392 650 3433 Romam
664 3392 793 3445 perrectum
808 3394 831 3432 et
848 3391 871 3431 ln
887 3389 913 3433 C.
929 3389 978 3432 luiii
992 3386 1078 3428 tumulo

101 3442 348 3540 {muum'fflm'
362 3446 396 3486 ert
410 3455 424 3485 ι
438 3444 534 3487 Caesare
548 3445 648 3497 Augusto
662 3444 754 3496 vitrico,
775 3447 797 3486 ei
816 3444 927 3500 supremis
942 3443 989 3482 elus
1003 3442 1079 3494 plnres

116 3507 220 3539 onerose
252 3500 286 3544 it.
