2642 4017
311 256 864 335 urennxn111.cnr.1.p.c.1rq
1017 255 1076 320 ree
1106 263 1117 277 ·

426 514 567 611 ΤΙΤΙ
608 515 744 609 livi

378 679 433 739 AB
453 680 572 743 URBE
594 680 796 744 conniti
855 679 858 685 '
939 626 945 638 ·

469 812 580 875 LIBER
599 812 703 877 XIIII.

110 1073 269 1131 metrone
296 1076 427 1125 Praetores
442 1075 553 1138 aliquot,
568 1076 679 1141 eoquod
694 1073 830 1127 crudeliter
845 1082 870 1127 et
886 1088 961 1127 trare
974 1076 1076 1143 provin·

152 1146 207 1194 c'tcs
218 1142 450 1205 adminIstrassent,
466 1145 579 1197 damnati
589 1153 657 1195 sunt.
688 1143 716 1194 P.
728 1143 842 1195 Licinius
853 1140 960 1197 Croesus
969 1158 1076 1212 procea-

152 1212 192 1262 sul
202 1210 346 1276 complures
358 1214 384 1261 in
397 1210 502 1262 Graecia
514 1214 589 1262 urbes
601 1212 758 1279 expugnavit
775 1220 800 1261 et
811 1211 945 1262 crudeliter
957 1213 1075 1277 diripuit:

152 1282 184 1330 ob
196 1280 225 1330 id
237 1282 347 1345 captivi,
369 1281 413 1344 qui
425 1282 457 1331 ab
470 1297 500 1331 eo
517 1283 565 1331 sub
582 1297 676 1331 corone
688 1282 831 1343 venierunt,
850 1295 883 1329 ex
899 1288 1002 1330 senatus
1015 1294 1076 1330 cou-

150 1349 217 1398 sulto
228 1356 318 1413 postea
326 1350 436 1398 restituti
448 1358 515 1400 sunt.
529 1352 590 1400 item
602 1366 618 1400 ι
629 1349 764 1415 procreetis
777 1348 896 1399 olusslum
906 1349 1077 1399 summm

149 1416 229 1468 multa
239 1417 390 1482 impotenter
407 1419 433 1468 ln
451 1419 536 1471 socios
547 1418 623 1471 lectu.
648 1433 689 1469 res
700 1425 833 1484 praetores
850 1419 968 1471 aPerseo
978 1431 1039 1483 rege
1051 1418 1077 1467 iu

150 1485 256 1539 umnec
264 1501 386 1555 prospere
398 1494 484 1553 gestas
495 1489 615 1547 modoet,
628 1487 704 1541 victis
713 1486 837 1538 llardcnis
849 1495 874 1535 et
883 1487 992 1551 illyrico,
1004 1485 1077 1535 cuius

150 1561 257 1609 rexerat
269 1552 383 1607 Gentius.
403 1563 502 1614 motus,
518 1557 563 1618 qui
580 1557 606 1606 in
618 1556 743 1620 Hispania
754 1557 786 1606 ab
798 1554 901 1606 Olonico
920 1554 1002 1604 lactus
1013 1561 1076 1614 erut,

150 1624 207 1687 ipso
220 1622 369 1688 interempto
381 1623 504 1673 consedit.
523 1624 557 1677 Μ.
567 1624 690 1674 Aemilius
699 1625 812 1690 Lepidus
825 1639 840 1673 a
850 1624 997 1673 censoribus
1007 1623 1077 1687 prin·

150 1706 210 1757 ceps
219 1692 246 1739 in
257 1699 346 1741 senatu
357 1692 446 1741 lectus.

182 1827 205 1884 1.
233 1825 349 1886 Eadem
369 1832 499 1900 aestate,
530 1841 591 1900 qua
605 1824 635 1885 in
647 1825 804 1889 Thessalia
817 1825 987 1901 meacm
999 1833 1077 1899 scot,

101 1911 134 1982 Q.
149 1910 270 1971 llaelm
282 1910 400 1985 legatus
414 1911 445 1970 in
455 1909 609 1987 Illyricum
621 1926 640 1969 a
650 1909 777 1969 consule
788 1906 919 1981 missus,
934 1909 1077 1983 opulenta

100 1994 161 2055 duo
177 1991 294 2068 oppida
308 1991 507 2068 oppugnavit.
529 2008 636 2053 eorum
649 1991 783 2053 unumvi
797 1997 890 2067 utque
902 1989 995 2053 armis
1007 2005 1076 2051 coe·

100 2077 144 2152 git
156 2076 186 2134 in
199 2073 399 2147 crotonem
416 2078 580 2152 omniaque
593 2075 631 2136 iis
640 2090 698 2138 sue
708 2074 879 2147 concessit,
890 2080 925 2135 ut
934 2071 1079 2148 opinione

100 2158 279 2222 clementiae
291 2175 348 2221 eos
363 2160 416 2235 qui
431 2159 612 2223 Carnuntem
626 2158 770 2225 nmium
783 2156 891 2219 urbem
905 2155 1079 2219 incolebant

100 2243 255 2304 adliceret.
277 2249 441 2319 postquam
451 2260 510 2307 nec
523 2249 557 2305 ut
570 2243 719 2306 dederent
732 2255 767 2303 se
779 2240 963 2315 compellere
977 2254 1079 2314 neque

102 2342 214 2402 capere
226 2326 398 2391 obsidendo
409 2334 538 2403 poterat,
550 2341 590 2386 ne
601 2326 722 2390 duabus
733 2323 1014 2400 oppugnationibus
1026 2337 1078 2385 ne·

102 2410 248 2486 quiquam
269 2410 411 2485 fatigatus
431 2412 519 2471 miles
540 2417 638 2483 esset,
667 2424 758 2484 qnam
773 2408 859 2482 prius
873 2408 1016 2471 intectum
1029 2421 1079 2466 ur·

99 2494 170 2555 bem
183 2492 363 2569 reliquerat,
379 2493 512 2569 diripuit

184 2579 270 2638 Alter
283 2579 393 2639 consul
408 2577 438 2636 0.
454 2577 581 2639 Cassius
596 2592 653 2639 nec
668 2577 699 2637 in
714 2575 826 2648 Gallie,
847 2589 940 2650 quam
953 2572 1079 2653 sortitus

100 2669 182 2733 erat,
202 2660 398 2723 memorabile
419 2660 584 2734 quicquam
597 2658 709 2733 gessit,
731 2667 762 2719 et
781 2675 837 2733 per
850 2656 1004 2734 Illyricum
1024 2655 1079 2716 dn·

101 2757 174 2803 cere
194 2741 332 2813 legiones
354 2744 384 2799 in
397 2741 610 2802 Macedoniam
627 2756 707 2801 veno
728 2742 851 2815 incepto
872 2747 921 2801 est
940 2745 1080 2801 conatus.

101 2823 278 2897 ingressum
299 2822 358 2883 hoc
378 2823 435 2883 iter
456 2824 614 2885 consulem
633 2830 759 2885 senatus
779 2838 818 2883 ex
838 2822 1081 2897 Aquileiensium

101 2904 212 2980 legatis
227 2904 385 2979 cognovit,
408 2904 460 2980 qui
475 2911 638 2980 querentes
653 2905 805 2967 coloniam
819 2920 906 2963 suam
926 2921 1037 2967 novam
1051 2914 1081 2967 et

101 2989 252 3051 infirmam
272 2987 404 3048 necdum
424 2987 500 3049 satis
525 2987 669 3048 munitam
692 2986 770 3047 inter
793 2987 921 3047 infestas
941 2989 1080 3051 nationes

101 3073 250 3133 istrorum
266 3080 297 3133 et
312 3071 485 3150 lllyriorum
500 3085 573 3133 esse
588 3086 658 3131 cum
672 3075 828 3145 peterent,
842 3077 876 3133 ut
887 3077 1012 3133 senatus
1028 3087 1080 3133 cu·

100 3172 155 3217 rce
169 3155 312 3231 haberet,
332 3156 487 3231 quomodo
502 3170 541 3215 eu
555 3153 676 3217 colonia
690 3151 871 3227 muniretur,
896 3153 1081 3232 interrogati,

100 3240 254 3302 vellentne
268 3256 336 3301 eam
349 3256 414 3300 rem
430 3240 461 3301 c.
477 3238 585 3301 cassio
605 3237 725 3299 consuli
738 3238 891 3313 mandari,
911 3239 1080 3314 responde-

100 3333 172 3384 runt
192 3324 332 3385 Cassium
353 3324 524 3400 Aquileiam
543 3322 657 3385 indicto
678 3322 814 3385 exercitu
834 3324 1005 3398 protectum
1027 3334 1082 3392 per

101 3407 257 3484 Illyricum
277 3407 308 3468 in
321 3407 534 3470 Macedoniam
548 3423 630 3468 esso.
656 3423 696 3469 ea
713 3421 764 3466 res
781 3407 880 3481 primo
894 3400 1081 3464 incredibilis

1 3506 2 3509 ’
103 3488 186 3564 vise,
201 3497 231 3550 et
244 3507 300 3566 pro
315 3507 351 3551 se
366 3491 499 3568 quisquc
514 3491 640 3552 credere
655 3490 763 3549 Carnis
781 3489 909 3548 forsitan
930 3492 983 3543 aut
995 3480 1082 3542 Istris
