2642 4017
208 265 269 330 roo
302 250 311 270 ·
385 265 501 327 aman
514 264 588 325 xm.
611 264 695 326 cnr.
708 272 773 328 aa.
795 267 833 345 [ι.
848 270 884 324 n.
899 287 924 324 a
938 267 1001 344 sn]

161 449 163 451 ·
201 418 403 497 praesidium
425 424 456 478 et
470 417 558 477 simul
573 432 612 477 ex
627 414 768 478 omnibus
780 416 857 477 locis
868 417 909 477 ed
920 418 1185 494 castrarecipien·

201 505 241 565 da
255 502 498 578 demendamque
515 499 710 575 ignominiam
724 498 816 560 rediri
831 507 972 577 coeptum
987 506 1043 561 est.
1071 501 1185 563 tribuni

199 585 328 647 militum
341 585 447 646 tertiae
459 583 588 659 legionis
600 582 746 660 pabulum
757 582 902 660 lignaque
914 585 1054 658 proicere
1065 584 1182 661 iubent,

200 669 428 732 centurionibus
449 668 612 743 imperant,
631 672 665 728 ut
678 666 838 742 graviores
853 673 954 728 aetate
966 667 1077 729 milites
1090 669 1183 732 binos

199 756 229 814 in
245 770 283 813 ea
296 754 442 825 iumenta,
464 752 631 826 exquibus
647 765 743 810 onera
756 749 875 811 deiecta
890 757 991 825 erant,
1013 749 1183 828 imponant,

200 838 319 915 equites
338 844 373 898 ut
390 836 528 911 singidos
543 850 561 894 e
577 833 740 896 iuvenibus
760 833 879 909 pedites
901 850 1006 896 secum
1026 834 1056 896 in
1081 851 1181 912 equos

199 923 314 983 tollant
336 920 489 996 egregiam
503 918 629 993 gloriam
644 917 774 993 legionis
790 918 864 991 iore,
880 917 906 978 si
921 925 1022 979 castra
1036 927 1117 980 metu
1130 937 1181 981 se·

200 1006 410 1066 eundanorum
428 1001 615 1062 amissa-sna
628 1001 739 1062 virtute
752 997 909 1077 recipiant.
938 1009 968 1061 et
981 1002 1077 1079 recipi
1092 1003 1182 1065 lacile

201 1103 287 1162 esse,
308 1087 335 1147 si
355 1086 385 1146 in
407 1086 523 1162 praeda
542 1084 684 1161 occupati
699 1084 821 1145 barbari
835 1083 937 1146 subito
953 1084 1181 1161 opprimantura

200 1172 280 1232 sicut
294 1170 444 1245 ceperint,
467 1183 563 1245 posse
580 1169 658 1246 cepi.
680 1184 799 1231 summa
813 1168 939 1230 militum
953 1170 1108 1232 alacritate
1126 1171 1180 1231 ad-

200 1255 330 1316 hortatio
345 1254 449 1315 audita
464 1259 521 1313 est
546 1254 649 1314 lerunt
663 1253 745 1315 citati
759 1252 862 1327 signa,
881 1267 939 1312 nec
952 1251 1117 1328 signiferos
1133 1271 1181 1314 ar·

200 1339 271 1400 mati
291 1344 457 1399 morantur·
485 1337 604 1413 priores
618 1344 720 1398 tamen
736 1337 844 1397 consul
860 1333 1046 1412 copiaeque,
1068 1353 1182 1414 quaea

200 1421 275 1483 mari
294 1421 533 1493 reducebantur,
558 1421 598 1481 ad
614 1421 726 1481 vallum
742 1426 949 1481 accesserunt
976 1420 1009 1479 L.
1025 1421 1114 1483 Atius
1129 1423 1179 1484 tri·

198 1508 299 1568 bunus
313 1506 429 1582 primus
443 1505 600 1566 secundae
614 1504 744 1580 legionis
758 1519 819 1566 non
831 1503 1010 1565 hortabatur
1020 1505 1113 1568 modo
1126 1506 1180 1567 mi-

199 1591 282 1665 lites,
304 1590 359 1650 sed
375 1589 506 1650 docebat
519 1590 624 1663 etiarn,
640 1586 669 1650 si
682 1589 816 1649 victores
830 1587 937 1662 Histri,
961 1588 1180 1664 quibusarmis

200 1674 357 1749 cepissent
370 1681 480 1746 castra,
496 1673 604 1734 iisdem
619 1678 710 1749 capta
722 1672 855 1733 retinere
868 1672 897 1732 in
911 1672 1011 1733 animo
1024 1670 1180 1748 baberent,

200 1757 330 1834 primum
357 1764 483 1817 exutum
510 1757 619 1818 castris
643 1756 764 1818 hostem
789 1756 830 1816 ad
853 1770 936 1817 mare
962 1764 1180 1832 persecuturos

200 1840 313 1914 luisse,
335 1840 446 1901 deinde
467 1840 614 1902 stationes
636 1847 718 1901 certe
738 1856 794 1915 pro
816 1841 896 1902 vallo
910 1839 1084 1902 habituros:
1107 1842 1180 1903 vino

200 1939 372 2001 somnoque
392 1924 458 1985 veri
478 1923 577 1985 simile
597 1939 670 1985 esse
683 1939 804 1985 mersos
819 1924 928 1986 iacere.
953 1924 1005 1984 tv.
1027 1924 1087 1987 sub
1103 1924 1180 1986 haec

200 2012 237 2070 Α.
244 2009 462 2071 &aculeatum
473 2007 651 2083 signiferum
664 2023 763 2080 suum,
772 2013 863 2068 notae
874 2006 1058 2070 fortitudinis
1071 2007 1178 2080 virum,

200 2095 312 2154 inlerre
326 2092 445 2168 signum
460 2092 558 2153 iussit.
590 2091 655 2166 ille,
679 2091 707 2151 si
719 2107 813 2152 unum
828 2106 864 2151 se
878 2100 1096 2168 sequerentur,
1118 2108 1179 2168 quo

200 2178 330 2239 celerius
349 2177 436 2238 lieret
451 2178 600 2238 iacturum
614 2174 706 2244 dixit3
729 2176 918 2251 conisusque
933 2192 1002 2237 cum
1017 2183 1101 2246 trans
1116 2178 1179 2236 val·

200 2262 262 2322 lum
282 2261 403 2336 signum
422 2259 607 2333 traiecisset,
630 2259 746 2334 primus
767 2258 901 2320 omnium
917 2267 1035 2334 portam
1050 2260 1179 2322 intravit

200 2351 230 2405 et
250 2353 337 2421 parte
357 2343 416 2405 alia
429 2346 462 2405 T.
478 2343 553 2405 etc.
568 2343 646 2402 Aelii
664 2341 775 2403 tribuni
791 2343 914 2404 militum
930 2343 1036 2404 tertiae
1049 2342 1179 2419 legionis

201 2445 269 2490 curn
284 2428 420 2505 equitatu
434 2426 609 2486 adveniunt.
631 2425 793 2488 confestim
805 2433 836 2487 et
848 2443 927 2503 quos
938 2425 1029 2489 binos
1041 2427 1180 2488 oneraria

201 2512 230 2572 in
245 2514 377 2572 iumenta
392 2509 602 2583 imposuerant
613 2509 720 2583 secuti,
735 2518 766 2572 et
775 2512 884 2571 consul
896 2526 964 2572 curn
975 2517 1039 2571 toto
1050 2512 1179 2587 agmine.

201 2602 231 2654 at
250 2594 421 2654 Histrorum
437 2591 541 2667 pauci,
568 2594 620 2669 qui
641 2593 763 2655 modice
785 2595 855 2655 vino
868 2597 917 2657 usi
927 2603 1179 2666 erent,memores

202 2678 322 2738 tuerent
341 2676 446 2750 fugae,
467 2674 534 2736 aliis
548 2692 659 2739 somno
675 2693 758 2740 mors
775 2676 949 2740 continuata
965 2687 1027 2749 est;
1049 2679 1178 2754 integra·

201 2775 261 2836 que
282 2775 340 2820 sua
360 2758 461 2820 omnia
475 2760 620 2836 Romani,
642 2768 855 2839 praeterquam
877 2762 960 2838 quod
981 2761 1043 2822 vini
1059 2762 1180 2838 cibique

200 2844 394 2918 absumptum
409 2851 483 2918 erat,
496 2852 689 2921 receperunt
711 2846 795 2921 aegri
810 2862 935 2922 quoque
948 2846 1066 2921 milites,
1083 2847 1134 2922 qui
1150 2846 1179 2906 in

201 2927 309 2987 castris
323 2926 418 2989 relicti
433 2929 567 3003 luerent,
582 2937 747 3006 postquam
762 2929 840 2991 intra
854 2931 966 2990 vallum
983 2945 1058 2991 suos
1074 2946 1178 2991 sense·

199 3017 278 3082 runt,
286 3011 378 3072 armis
390 3013 519 3088 arreptis
532 3012 657 3074 caedem
670 3013 822 3089 ingentem
835 3014 981 3075 lecerunt
996 3020 1180 3075 anteomnes

200 3092 328 3168 insignis
348 3110 445 3171 opera
464 3097 519 3156 iuit
533 3096 565 3157 G.
579 3095 699 3173 Popillii
715 3097 843 3173 equitis:
867 3097 990 3159 Sabello
1010 3112 1179 3173 cognomen

201 3184 273 3237 erat.
302 3177 330 3239 is
350 3178 430 3255 pede
445 3180 551 3241 saucio
566 3181 692 3241 relictus
710 3182 801 3256 longe
817 3181 964 3257 plurimos
980 3180 1113 3242 hostium
1129 3196 1178 3241 oc-

201 3260 282 3322 cidit.
311 3261 350 3321 ad
372 3268 441 3322 octo
459 3263 542 3324 mitia
555 3263 726 3325 Histrorum
742 3272 814 3327 sunt
828 3280 935 3339 caesa,
957 3272 1066 3341 captus
1082 3280 1179 3337 nemo,

201 3343 273 3422 quia
286 3344 332 3406 ira
342 3352 373 3409 et
382 3345 548 3421 indignatio
562 3347 756 3409 immemores
768 3349 902 3424 praedae
914 3347 993 3410 iecit
1014 3364 1070 3409 rex
1081 3356 1178 3410 tamen

201 3429 371 3491 Histrorum
385 3433 567 3493 temulentus
580 3447 619 3492 ex
630 3429 783 3507 convivio,
797 3434 906 3508 raptim
919 3449 937 3492 a
949 3431 1015 3494 suis
1027 3432 1057 3493 in
1068 3446 1179 3507 equum

199 3513 376 3590 impositus,
403 3515 487 3591 lugit.
519 3531 559 3575 ex
580 3515 748 3576 victoribus
774 3515 896 3576 ducenti
921 3514 1042 3591 triginta
1063 3522 1178 3591 septem
