2642 4017
260 259 321 323 128
458 257 571 319 uibus
587 257 659 318 xil.
686 256 813 319 CAPAl.
835 263 871 331 [s.
883 262 920 317 U.
932 280 956 315 c.
968 261 1033 331 528]

341 411 461 473 xxvii.
490 410 642 472 Censores
664 426 702 471 eo
717 426 797 472 anno
814 411 908 470 creati
923 408 1241 484 pronuntiamus

258 504 288 558 et
298 494 517 557 A.Postumius
523 493 653 555 Albinus
664 497 803 569 legerunt
813 501 968 555 senatum:
983 494 1129 569 princeps
1141 495 1241 556 lectus

257 580 297 639 M.
309 580 456 640 Aemilius
467 577 603 657 Lepidus
616 577 755 652 pontifex
767 575 930 638 maximus.
953 578 993 638 de
1005 585 1114 639 senatu
1124 594 1240 639 navem

259 665 423 724 eiecerunt.
455 661 591 737 insigues
608 667 700 721 notae
715 661 837 721 luerunt
850 661 890 720 Μ.
907 659 1037 722 cornelii
1051 659 1241 738 Maluginen-

257 748 311 822 sis,
327 746 379 822 qui
392 745 514 807 biennio
528 751 598 804 ante
612 750 736 820 praetor
749 746 779 804 in
794 742 945 820 Hispania
958 745 1065 820 luerat
1080 752 1110 806 et
1120 744 1153 805 L.
1166 746 1241 807 Cor-

256 831 327 892 nelii
342 829 495 905 Scipionis
509 828 671 903 praetoris,
688 828 776 888 cuius
793 835 856 888 tum
871 829 950 888 inter
964 828 1049 889 cives
1059 836 1090 890 et
1103 829 1241 905 peregri-

256 930 314 975 nos
329 912 497 974 iurisdictio
511 918 591 985 erat,
606 918 638 972 et
651 911 704 972 Cu.
718 908 832 986 Fulvii,
848 909 900 987 qui
914 913 1008 972 trater
1022 928 1184 988 germanus
1198 920 1241 986 et,

255 1004 290 1058 ut
308 997 450 1058 Valerius
470 996 578 1056 Antius
606 996 712 1070 tradit,
738 1010 869 1056 consors
890 995 980 1057 etiam
1004 996 1144 1058 censoris
1163 1003 1241 1056 erat.

256 1081 400 1141 consules
412 1081 492 1141 votis
503 1078 616 1158 [etiam]
627 1076 815 1153 incapitoliu
826 1080 1051 1156 nuncupatisin
1062 1079 1241 1156 provincias

255 1164 384 1240 protecti
399 1170 479 1224 aunt
501 1163 572 1223 exin
585 1162 626 1221 Μ.
639 1161 771 1224 Aemilio
786 1170 912 1225 senatus
926 1164 1083 1239 negotium
1097 1163 1188 1237 dedit,
1203 1172 1241 1224 ut

255 1248 467 1309 Patavinorum
491 1248 522 1306 in
542 1246 673 1308 Venetia
700 1246 881 1308 seditionem
902 1247 1134 1324 comprimeret,
1157 1263 1239 1323 quos

256 1331 418 1394 certamine
444 1332 607 1393 laudunum
633 1329 674 1389 ad
693 1330 867 1392 intestinum
892 1331 1005 1393 bellurn
1030 1331 1187 1393 exarsisse
1207 1339 1240 1393 et

257 1418 393 1492 =psorum
407 1416 498 1492 legati
512 1416 683 1477 attulerant.
715 1415 807 1490 legati
820 1414 874 1491 qui
888 1416 919 1475 in
932 1416 1084 1476 Aetoliam
1099 1415 1139 1475 ad
1153 1413 1238 1476 simi·

255 1501 301 1561 les
315 1506 417 1561 motus
432 1499 679 1576 comprimendos
694 1499 801 1573 ierant,
815 1497 1028 1560 renuntiarunt
1041 1498 1176 1560 coerceri
1187 1514 1237 1559 ra·

254 1585 334 1644 hiem
347 1585 447 1658 gentis
462 1601 523 1645 non
539 1598 644 1659 posse.
665 1581 817 1644 Patavinis
832 1583 922 1643 saluti
934 1583 990 1643 luit
999 1581 1151 1643 adventus
1162 1597 1235 1644 con-

254 1667 346 1736 sulis3
363 1684 463 1744 neque
473 1669 556 1729 aliud
568 1668 653 1743 quod
664 1673 770 1743 ageret
779 1665 809 1727 in
821 1667 982 1741 provincia
988 1682 1056 1727 curn
1067 1665 1237 1738 habuisset

254 1751 380 1811 Romam
401 1752 499 1813 rediit
531 1767 679 1812 censores
699 1749 767 1812 vias
788 1751 970 1811 sternendas
991 1750 1076 1811 silice
1096 1751 1126 1811 in
1148 1750 1236 1825 urbe,

253 1835 358 1908 glarea
377 1842 463 1895 extra
481 1836 587 1895 urbem
608 1835 832 1896 substruendas
852 1832 1131 1911 marginandasque
1146 1832 1238 1909 primi

255 1916 389 1978 omnium
404 1919 597 1992 locaverunt,
614 1926 787 1995 pontesque
801 1919 902 1979 multis
917 1919 995 1980 locis
1010 1917 1185 1989 iaciendos3
1205 1925 1237 1979 et

255 2018 378 2063 scenam
400 2004 549 2064 aedilibus
572 2002 828 2078 praetoribusque
842 2003 1065 2078 praebendam
1088 2009 1118 2063 et
1132 2017 1237 2063 carce-

253 2102 305 2148 res
325 2088 354 2146 in
378 2087 475 2160 circo,
501 2094 531 2146 et
545 2102 605 2147 ova
621 2084 655 2123 **
674 2085 714 2145 ad
728 2092 817 2147 natm
839 2087 997 2148 curriculis
1013 2085 1182 2147 numerand
1199 2083 1235 2123 **

255 2171 340 2240 dam,
361 2177 392 2231 et
411 2180 508 2231 metas
529 2178 612 2231 unns
623 2166 657 2206 **
670 2175 701 2229 et
720 2184 832 2230 caveas
848 2171 947 2230 terrea
960 2168 1236 2231 l*intromitteren-

254 2261 303 2314 tur
313 2253 347 2289 **
362 2253 469 2315 ferreis
489 2255 519 2313 in
534 2260 637 2314 monte
648 2251 770 2314 Albano
793 2255 986 2330 consulibus,
1008 2261 1039 2315 et
1053 2254 1164 2315 clivum
1179 2252 1233 2315 Ga·

254 2336 413 2414 pitolinum
434 2336 520 2398 silice
540 2336 738 2398 sternendum
757 2345 955 2413 curaverunt,
977 2347 1006 2400 et
1025 2338 1177 2419 porticum
1194 2338 1236 2398 ab

254 2423 331 2483 aede
353 2419 475 2481 Saturni
499 2422 530 2479 in
551 2419 732 2496 Capitolium
752 2421 792 2482 ad
813 2423 1005 2497 senaculum,
1031 2438 1068 2482 ac
1088 2438 1183 2498 super
1202 2419 1236 2482 id

254 2506 378 2566 curiam.
409 2510 440 2564 et
464 2510 550 2564 extra
575 2510 694 2579 portam
713 2505 914 2580 Trigeminam
940 2506 1108 2582 empurium
1132 2504 1237 2580 lapide

253 2593 426 2649 straverunt
440 2587 656 2663 stipitibusque
670 2597 861 2665 saepserunt,
877 2596 908 2650 at
917 2590 1065 2664 porticum
1075 2589 1236 2650 Aemiliam

252 2670 448 2731 reficiendam
462 2680 620 2747 curarunt,
636 2673 845 2748 gradibusque
858 2689 1022 2735 ascensuro
1036 2672 1075 2733 ab
1089 2671 1189 2734 Tiberi
1203 2671 1234 2732 in

252 2754 422 2831 emporium
436 2756 584 2819 lecerunt.
599 2763 629 2817 et
639 2765 726 2819 extra
736 2760 867 2819 eandem
877 2763 996 2833 portam
1006 2758 1036 2818 in
1048 2756 1235 2817 Aventinum

254 2838 402 2915 porticum
417 2838 504 2901 silice
518 2848 706 2915 straverunt,
722 2849 753 2902 et
766 2860 803 2904 eo
820 2842 943 2917 publico
957 2842 996 2901 ab
1010 2843 1089 2902 aede
1102 2840 1235 2901 Veneris

254 2926 397 2985 lecerunt.
424 2925 515 2987 iidem
530 2925 663 2987 Calatiae
677 2935 708 2988 et
720 2927 843 2988 Auximi
857 2942 961 2987 muros
976 2923 1137 2986 iaciendos
1151 2924 1236 2985 loca·
1319 2948 1320 2951 ¹

251 3017 375 3079 vernum
408 3008 602 3086 venditisque
626 3010 668 3070 ibi
693 3010 822 3086 publicis
848 3011 926 3072 locis
949 3009 1126 3084 pecuniam,
1153 3024 1235 3084 quae

253 3092 377 3151 redacta
391 3101 465 3168 enat,
479 3092 615 3156 tabernis
629 3095 751 3170 utrique
765 3097 833 3155 loro
849 3093 1075 3155 circumdandis
1090 3107 1235 3154 consum·

252 3182 387 3249 pserunt.
411 3185 441 3238 et
455 3178 531 3238 alter
540 3194 580 3239 ex
594 3178 631 3238 iis
642 3178 769 3239 Fulvius
778 3178 908 3239 Flaccus
920 3210 962 3223 -
972 3194 1041 3237 num
1056 3176 1235 3238 Postumius

190 3277 193 3283 ·
251 3258 323 3319 nibil
344 3259 401 3320 nisi
416 3268 542 3321 senatus
557 3262 687 3322 Romani
701 3263 848 3339 populive
862 3260 949 3323 iussu
963 3277 999 3321 se
1012 3261 1183 3322 locaturum
1198 3257 1235 3297 *¹⁸

250 3343 386 3419 ipsarum
401 3344 531 3419 pecunia
546 3345 628 3405 lovis
642 3346 751 3406 aedem
764 3346 891 3420 Pisauri,
907 3351 937 3405 et
945 3343 1072 3420 Fundis,
1086 3349 1117 3404 et
1123 3343 1237 3405 Poten-

249 3430 309 3489 tiae
325 3427 415 3489 etiam
428 3443 540 3504 aquam
554 3418 776 3505 adducendam,
793 3436 823 3490 et
835 3427 953 3490 Pisauri
966 3428 1046 3488 viam
1058 3428 1144 3489 silice
1155 3433 1234 3489 ster·
1318 3464 1319 3493 ;

250 3515 390 3587 nendum,
406 3518 437 3572 et
449 3511 627 3574 Sinuessam
643 3537 714 3596 aga
725 3520 758 3558 **
769 3519 912 3597 aviariae,
927 3512 958 3573 in
968 3511 1017 3573 bis
1029 3519 1061 3573 et
1071 3514 1118 3573 clo
1130 3509 1164 3549 *¹¹
1179 3527 1235 3574 nm
1318 3518 1319 3579 i
