2642 4017
229 307 233 315 ‚
273 233 523 294 mnnxutv.
545 235 686 321 enum
701 242 745 298 nr.
768 241 924 309 [ncne]
1040 233 1103 298 res

120 388 186 448 dux
199 399 317 446 serum.
345 384 538 446 venientibus
552 385 602 446 bis
612 385 746 447 Perseus
758 385 797 446 ab
807 385 924 462 Enipeo
939 400 978 447 ax
993 386 1104 448 castris

121 470 280 546 proiectus
296 467 418 528 obviam
431 484 501 530 oum
515 467 640 528 dimidie
654 469 813 545 copiarmn
828 475 915 546 parte
926 470 1105 531 denuntiare
1139 510 1142 515 -

121 568 180 629 per
192 550 281 613 vicos
293 549 463 626 urbesque,
483 567 566 627 quae
579 551 649 612 viae
667 552 864 628 propinquae
882 560 966 626 sunt,
993 553 1103 628 coepit,

120 642 156 697 ut
170 642 358 697 commeatus
373 635 561 710 expedirent,
577 635 717 697 nomenti
728 636 790 697 vini
806 651 952 713 pecorum
966 641 1001 698 ut
1014 636 1106 712 copia

121 727 215 781 esset.
244 719 313 795 ipse
328 733 428 794 equos
444 718 650 795 phalerasque
665 722 818 795 etsegnln
829 721 946 782 donum
962 718 1104 796 principi-

120 803 183 863 bus
203 805 298 876 lerre,
322 808 353 863 et
371 817 481 877 parum
499 803 581 877 auri,
606 803 700 879 quod·
712 803 791 865 inter
810 819 930 880 puucos
945 803 1105 878 divideret,

121 884 345 948 multitudinem
357 885 577 948 credenstrahi
589 901 760 963 speposse.
781 887 1106 948 adAlmansmurbem

122 969 273 1047 pervenit,
285 975 316 1029 et
327 968 359 1028 in
371 969 441 1045 ripa
454 967 589 1030 fluminis
601 970 675 1035 Axii
690 969 796 1046 posuit
810 978 920 1032 matra.
949 971 1033 1032 circa
1046 972 1103 1032 De-

122 1046 274 1116 sudabnni
288 1052 319 1111 in
331 1051 471 1113 Maedica
484 1053 638 1114 exercitus
650 1054 808 1119 ‚Gellorum
817 1055 1017 1127 consederat.
1026 1069 1103 1115 mer·

123 1138 231 1205 cedem
246 1143 366 1212 pactam
380 1135 553 1212 opperiens.
590 1152 629 1197 eo
649 1138 738 1200 mittit
750 1139 951 1214 Antigonum,
973 1154 1013 1199 ex
1034 1154 1105 1214 pur·

123 1221 242 1297 puratis
258 1235 360 1293 unum,
376 1218 429 1295 qui
440 1219 558 1282 iuberet
576 1221 808 1293 multitudinem,
818 1221 973 1283 Gallorum
987 1222 1027 1281 ad
1043 1222 1105 1298 By·

122 1305 228 1365 lazana
239 1336 284 1353 -
296 1301 449 1364 Paeoniae
464 1304 491 1364 is
505 1306 593 1365 locas
608 1312 657 1366 est
669 1339 712 1350 —
727 1312 829 1366 castra
844 1320 978 1378 movere,
994 1304 1105 1378 princi-

123 1404 182 1464 pes
198 1387 237 1448 ad
250 1402 287 1447 se
303 1387 409 1448 ven‘re
428 1387 616 1462 frequentes.
652 1389 847 1464 septuaginta
867 1386 1004 1464 quinque
1023 1383 1107 1445 milia

88 1528 101 1541 „
125 1472 165 1532 ab
178 1469 259 1531 Axio
272 1467 399 1531 flumine
415 1476 446 1530 et
460 1471 569 1539 eastris
590 1469 684 1546 regiis
705 1470 839 1532 aberant.
872 1471 951 1531 baec
962 1469 1107 1530 mandata

125 1554 166 1616 ad
180 1568 235 1623 eos
249 1570 318 1615 eum
332 1551 509 1629 pertulisset
517 1551 945 1629 Antigonus-adiecissetque
959 1568 1016 1629 per
1025 1549 1107 1612 viem

6 1691 10 1696 .
126 1644 268 1714 quantam
281 1637 415 1707 omnium
426 1643 639 1713 praeparatam
651 1653 724 1698 curn
734 1636 817 1712 regis
829 1634 1107 1713 eopiaminventuri

126 1723 234 1796 rorent,
250 1719 425 1797 quibusque
438 1719 615 1782 muneribus
630 1720 787 1796 principes
801 1720 1000 1782 advenientes
1010 1718 1106 1785 vestis

123 1804 244 1881 argenti
257 1818 470 1880 equorumque
484 1812 672 1880 excepturus
685 1820 742 1864 rex
756 1810 848 1880 esset,
862 1805 903 1866 de
917 1805 966 1866 his
982 1804 1106 1881 quidem
1129 1848 1132 1853 .

125 1905 161 1951 se
185 1904 289 1950 eoram
314 1889 491 1965 cognituros
511 1888 715 1963 respondent,
741 1886 825 1962 illud,
851 1889 936 1965 quod
956 1901 1107 1965 praesens

38 2038 42 2041 ,
125 1971 326 2053 pepigissent,
339 1971 534 2048 interrogant,
557 1970 671 2048 ecquid
686 1982 802 2046 eurum,
823 1973 908 2048 quod
921 1972 952 2030 in
968 1969 1106 2046 singulos
1203 1978 1205 1982 ⁴

126 2056 245 2133 pedites
261 2055 444 2132 equitesque
459 2055 655 2117 dividendum
669 2062 771 2126 esset,
793 2070 898 2116 secum
917 2053 1106 2114 adduxisset.

127 2156 197 2201 cum
210 2140 251 2200 ed
265 2140 297 2200 id
311 2138 385 2200 nilril
404 2139 658 2215 responderetur,
675 2136 844 2200 Clondicus
861 2137 986 2213 regulus
1001 2150 1108 2197 eorum

126 2221 207 2299 „abi,
221 2223 362 2284 renuntia
375 2228 471 2300 ergo“
485 2221 584 2298 inquit
604 2222 706 2296 „regi
720 2220 781 2282 nisi
794 2237 903 2283 sumna
917 2219 1108 2295 obsidesque
1221 2215 1224 2221 ’

127 2306 337 2382 accepissent,
358 2322 512 2382 nusquam
526 2306 598 2366 inde
613 2306 719 2370 Gallus
733 2303 856 2380 longius
866 2302 1029 2379 vestigium
1043 2319 1107 2362 mo·

126 2394 243 2452 turos.“
255 2386 333 2451 haec
341 2391 439 2452 relata
448 2390 515 2466 regi
527 2406 597 2452 cum
608 2396 721 2463 essent,
732 2389 885 2451 advocate
897 2386 1027 2449 censitio
1040 2401 1118 2448 cum,
1226 2455 1230 2461 ,

129 2474 204 2549 qnid
218 2489 325 2535 omnes
338 2475 463 2536 suasuri
473 2481 578 2536 essent
589 2481 761 2549 appareret
774 2473 844 2550 ipse
854 2470 1005 2550 pecuniae
1015 2484 1108 2546 quam

96 2591 100 2597 ·
129 2555 214 2632 regni
228 2558 336 2618 melior
350 2566 456 2619 custos
467 2557 577 2620 institit
589 2558 629 2618 de
640 2557 772 2634 perfidia
782 2565 815 2619 et
826 2557 942 2618 tanate
954 2555 1109 2616 Gallorum

129 2640 293 2712 disserere,
307 2640 471 2701 mullorum
483 2641 543 2701 inm
557 2649 628 2703 ante
643 2640 783 2702 cladibus
794 2647 941 2716 expertas
956 2638 1108 2715 perieulu-

130 2737 199 2781 sum
217 2737 291 2781 esse
310 2729 423 2782 nutam
441 2721 662 2784 multitudinem
681 2723 713 2783 in
730 2722 943 2785 Macedoniam
957 2723 1108 2798 accipere,

131 2818 170 2862 ne
189 2803 347 2875 grauiores
367 2818 424 2864 eos
445 2803 548 2864 socios
568 2805 702 2865 habeant
714 2822 806 2880 quem
820 2806 927 2867 hostes
942 2806 1109 2866 Romanos.

84 2924 88 2928 Α
132 2885 270 2961 quinque
283 2883 366 2945 milia
381 2885 517 2958 equitum
531 2885 608 2947 setis
623 2901 704 2958 esse,
721 2888 834 2960 quibus
844 2895 876 2948 et
889 2886 933 2946 uli
947 2888 987 2947 nd
997 2890 1109 2950 bellurn

129 2975 275 3046 possent,
309 2976 340 3030 et
375 2983 506 3044 quorum
540 2967 762 3030 multitudinem
796 2970 858 3045 ipsi
885 2985 952 3030 non
975 2972 1109 3032 timeant.

128 3053 250 3114 XXVII.
278 3052 449 3128 apparebat
467 3051 540 3113 inde
561 3051 703 3113 omnibus
723 3053 896 3114 mercedem
910 3054 1109 3117 nmltitudinis

129 3138 244 3212 limare,
263 3133 320 3198 nee
336 3136 501 3212 quiequam
514 3136 614 3216 alinde
636 3136 693 3197 sed
710 3152 779 3197 cum
793 3137 925 3199 suadere
938 3138 1110 3200 consulenti

128 3238 218 3282 nemo
234 3221 369 3293 auderet,
385 3220 544 3282 remittitur
553 3220 737 3295 Antigonus,
748 3221 802 3295 qui
814 3221 964 3283 nuntiaret
973 3222 1110 3298 quinque

129 3304 243 3366 milium
253 3305 395 3379 'equitum
411 3320 508 3380 opera
522 3310 638 3365 tantum
653 3304 696 3365 uti
708 3319 823 3380 regem,
838 3321 900 3367 non
916 3313 1020 3366 tenere
1033 3303 1109 3362 mul·

130 3387 288 3449 titudinem
302 3388 402 3448 nliam.
425 3388 524 3463 ,quod
544 3386 597 3449 ubi
614 3387 761 3450 audivere
779 3388 918 3462 barbari,
939 3393 1109 3447 ceterorum

131 3470 255 3547 quidem
271 3470 407 3533 lrerdtus
422 3471 478 3533 luit
491 3472 712 3548 indignantium
726 3488 762 3533 se
776 3473 889 3533 trustra
898 3467 1018 3527 excitos
1029 3465 1108 3526 sedi-
1208 3498 1211 3504 ·
