2642 4017
217 217 259 281 ac
358 212 618 275 umunxmux.
642 210 725 271 cnr.
739 218 784 273 ao.
795 218 840 272 ar.
863 211 899 287 [a.
912 215 947 269 u.
959 233 983 267 ο.
994 213 1058 288 mr]

215 374 360 450 placuere
374 367 456 425 vires
472 372 502 425 et
516 365 576 424 iam
589 362 677 424 miles
694 378 819 439 quoque
834 364 873 423 ud
888 364 1051 425 delendam
1066 365 1205 441 priorem

215 450 412 531 ignominiam
424 448 545 509 hostem
556 448 715 523 poscebat,
731 446 895 508 duodecim
909 448 991 508 milia
1001 464 1152 523 passuum
1163 449 1206 509 ab

214 540 297 613 Tago
312 534 439 596 flumine
452 539 623 607 posueruut
637 539 748 591 castra.
769 530 841 590 inde
856 532 943 592 tertia
956 532 1059 606 vigilia
1073 533 1205 595 sublatis

216 620 322 697 signia,
340 617 488 693 quadrato
504 615 624 689 agmine
635 614 788 690 principio
798 615 876 675 lucis
888 615 928 674 ad
938 616 1010 691 Tagi
1021 617 1120 692 ripam
1132 632 1206 691 per·

215 709 373 768 venerunt.
395 708 479 759 trans
494 697 622 759 fluvium
636 699 667 757 in
683 699 761 759 colle
774 698 905 759 hostium
921 708 1022 760 castra
1031 707 1127 761 erant.
1150 715 1206 760 ex-

214 789 344 863 templo,
372 801 434 860 qua
459 782 581 843 duobus
602 781 679 842 locis
699 782 780 842 vada
800 782 936 843 nudabat
954 784 1069 858 amnis,
1094 784 1205 843 dextra

215 881 302 951 parte
322 867 520 944 Calpurnius,
541 868 630 926 laeva
647 865 804 940 Quinctius
826 866 980 927 exercitus
1003 867 1223 929 traduxerunt

216 955 319 1034 quieto
335 953 424 1013 hoste
439 951 512 1010 dum
522 950 647 1010 miratur
658 948 792 1009 subitum
803 949 967 1009 adventum
978 951 1205 1026 consultatque,

217 1038 270 1117 qui
283 1036 442 1098 tumultum
463 1034 576 1093 inicere
590 1032 813 1108 trepidantibus
829 1034 860 1093 iu
874 1033 945 1109 ipso
961 1034 1090 1095 transitu
1104 1035 1204 1095 nuruis

216 1120 377 1200 potuisset.
400 1116 520 1178 interim
531 1117 670 1190 Romani,
686 1115 912 1193 impedimentis
924 1134 1049 1194 quoquc
1061 1118 1204 1180 omuibus

215 1202 364 1268 traductis
385 1200 613 1276 contractisque
627 1201 657 1260 in
672 1217 766 1261 unum
780 1203 897 1273 locum,
921 1200 994 1277 quia
1007 1202 1068 1263 iam
1085 1200 1204 1263 moveri
1306 1227 1307 1254 r

217 1290 362 1351 videbant
373 1286 508 1358 hostem,
532 1300 588 1344 nec
611 1284 744 1361 spatium
764 1292 830 1345 erat
850 1293 952 1346 castra
967 1286 1203 1360 communiendi,
1306 1321 1307 1346 1

216 1373 313 1436 aciem
324 1370 541 1431 instruxerunt.
556 1370 586 1428 in
598 1369 699 1430 medio
710 1370 830 1429 locatae
841 1369 947 1445 quinta
958 1370 1111 1445 Calpurnii
1122 1369 1202 1444 legio
1306 1357 1307 1384 ¹

216 1466 246 1520 et
266 1464 376 1519 octava
391 1451 536 1530 Quinctii:
558 1454 589 1513 id
609 1452 705 1513 robur
724 1458 788 1514 toto
803 1455 940 1513 exercitu
954 1462 1028 1515 erat
1061 1469 1202 1527 campum

217 1548 354 1618 apertum
380 1553 482 1613 usque
502 1536 543 1597 ad
562 1535 696 1598 hostium
722 1545 824 1597 rastra
843 1535 1012 1610 habebant,
1036 1538 1166 1598 liberum
1186 1553 1205 1597 a

216 1634 298 1686 metu
322 1622 510 1682 insidiarum.
545 1620 649 1680 XXXI.
677 1619 806 1695 Hispani
827 1627 991 1695 postquam
1011 1621 1042 1681 in
1064 1621 1205 1682 citeriore

215 1711 283 1783 ripa
298 1706 360 1766 duo
371 1706 579 1766 Romanomm
593 1701 715 1779 agmina
727 1711 964 1779 conspexerunt,
979 1710 1014 1763 ut
1024 1705 1205 1780 priusquam

217 1808 253 1853 se
267 1792 393 1864 iungere
408 1795 501 1864 atque
515 1788 667 1850 instrucre
679 1796 807 1864 possent
817 1794 1005 1863 occuparent
1015 1803 1081 1864 eos,
1093 1788 1204 1849 castris

215 1881 343 1950 repente
354 1872 446 1934 effusi
461 1871 601 1933 cursuad
613 1887 748 1946 pugnam
760 1872 895 1933 tendunt.
911 1878 1000 1931 atrox
1010 1869 1042 1932 in
1053 1872 1204 1947 principio

216 1959 365 2036 proelium
387 1955 456 2029 luit,
479 1963 509 2016 et
521 1954 667 2029 Hispanis
688 1956 802 2015 recenti
823 1955 951 2016 victoria
965 1954 1094 2030 inflatis,
1116 1963 1147 2016 et
1160 1957 1204 2015 in-

217 2050 305 2104 sueta
324 2040 490 2116 ignominia
503 2038 595 2097 milite
609 2038 748 2098 Romano
764 2053 908 2099 accenso.
938 2040 1085 2100 acerrime
1098 2039 1201 2100 media

217 2126 317 2197 acies,
339 2124 418 2182 duae
439 2120 624 2181 fortissimae
638 2120 793 2196 legiones,
814 2122 1015 2194 dimicabant;
1039 2138 1204 2199 quassum

217 2209 304 2269 aliter
318 2205 434 2265 moveri
454 2207 524 2266 loco
543 2220 606 2265 non
627 2220 724 2280 posse
743 2205 842 2267 hostis
864 2216 1017 2282 cerneret,
1040 2222 1139 2269 cuneo
1160 2207 1204 2266 in·

217 2293 291 2355 stitit
316 2304 470 2367 pugnare;
498 2296 529 2350 ct
547 2304 648 2366 usque
674 2290 779 2365 plures
801 2290 1065 2366 confertioresque
1086 2290 1205 2351 medios

217 2377 376 2452 urgebant.
398 2372 440 2434 ibi
451 2381 617 2449 postquam
626 2374 768 2435 laborare
779 2375 876 2434 aciem
888 2375 1069 2450 calpurnius
1082 2384 1206 2451 praetor

216 2461 300 2535 vidit,
315 2460 347 2517 T.
361 2458 552 2532 Quinctilium
563 2459 679 2518 Varum
693 2465 724 2518 et
736 2459 770 2518 L.
781 2458 950 2520 Iuventium
960 2458 1107 2519 Thalnam
1122 2459 1203 2534 lega·

216 2551 266 2605 tos
287 2543 327 2603 ad
349 2540 485 2615 singulas
500 2541 637 2616 legiones
653 2541 861 2603 adhortandas
876 2559 1011 2619 propere
1024 2541 1128 2618 mittit,
1151 2542 1204 2603 do-

218 2642 289 2688 cere
304 2633 335 2686 et
347 2639 473 2685 monere
486 2624 569 2686 iubet
582 2623 614 2684 in
628 2625 688 2688 illis
704 2641 790 2701 spem
808 2642 928 2687 omnem
938 2625 1083 2688 vincendi
1094 2633 1125 2687 et
1135 2626 1204 2687 reti-

220 2710 342 2770 nendae
355 2706 523 2783 Hispaniae
538 2723 625 2769 csse:
647 2709 676 2771 si
689 2708 731 2770 illi
746 2710 815 2771 loco
831 2710 956 2789 cedam,
972 2712 1123 2771 neminem
1138 2708 1204 2771 eius
1274 2717 1277 2725 '

219 2793 373 2855 exercitus
393 2808 455 2853 non
470 2792 563 2854 modo
578 2791 709 2869 ltaliam,
730 2793 788 2855 sed
802 2809 841 2853 ne
855 2794 929 2869 Tagi
945 2795 1069 2869 quidem
1083 2793 1204 2854 ulterio-

217 2893 282 2948 rem
302 2875 402 2953 ripam
418 2892 549 2951 usquam
563 2878 711 2938 visurum.
738 2876 808 2952 ipse
822 2892 891 2939 cum
906 2876 1062 2953 equitibus
1077 2877 1204 2937 duamur

218 2961 371 3035 legionum
393 2963 517 3036 paulum
538 2961 761 3022 circumvectus
782 2960 813 3019 in
828 2977 959 3022 cuneum
978 2961 1130 3034 hostium,
1152 2958 1204 3035 qui

218 3044 350 3104 mediam
364 3045 493 3120 urgebat
506 3044 612 3116 aciem,
629 3045 668 3105 ab
683 3047 779 3105 latere
793 3043 928 3106 incurrit.
962 3042 1121 3121 Quinctius
1137 3060 1205 3104 cum

218 3128 284 3188 suis
306 3127 460 3202 equitibus
482 3130 610 3190 alterum
629 3128 764 3189 hostium
781 3129 860 3189 latus
880 3129 1005 3190 invadit.
1037 3129 1095 3189 sod
1116 3130 1205 3202 longo

217 3212 320 3272 acrius
328 3210 522 3286 Calpurniani
534 3212 653 3288 equites
666 3212 851 3288 pugnabant,
860 3220 890 3274 et
900 3220 1025 3289 praetor
1036 3211 1204 3274 antealios=

217 3311 288 3356 nam
309 3302 340 3356 et
360 3295 478 3370 primus
492 3295 613 3357 hostem
629 3296 796 3372 percussit,
818 3297 903 3358 etita
917 3314 953 3360 se
968 3296 1132 3358 immiscuit
1145 3310 1203 3357 me·

218 3379 293 3455 diis,
315 3388 348 3441 ut
367 3379 422 3439 vix
440 3379 538 3440 utrius
560 3380 656 3454 partis
677 3388 763 3442 esset
782 3378 871 3442 nosci
893 3387 1016 3457 posset,
1039 3389 1069 3442 ot
1089 3380 1203 3455 equites

220 3463 373 3538 praetoris
393 3463 503 3525 eximia
523 3460 633 3530 virtute
649 3471 680 3525 et
699 3465 833 3540 equitum
856 3464 975 3541 pedites
989 3463 1113 3525 accensi
1129 3469 1204 3525 sunt
