2642 4017
298 336 415 398 LIBER
427 335 559 397 xxxix.
581 335 665 396 cat).
679 344 724 398 se.
746 342 782 409 [a.
795 341 829 400 c.
842 342 903 408 ist]
1054 333 1094 401 37

191 489 333 551 XXXIX.
349 490 419 550 ileo.
436 489 546 549 sedala
563 489 759 550 contentione
772 489 833 549 alia
846 489 978 551 subinde
992 491 1025 552 c.
1038 492 1096 554 Do·

109 572 189 636 eimii
204 571 358 648 praeteris
373 579 470 633 morte
482 579 589 633 exorta
599 579 655 633 ost
679 571 731 633 cn.
744 571 875 634 Sicinius
886 581 917 635 et
926 573 960 634 L.
972 574 1097 650 Pupius,

111 659 162 733 qui
182 657 301 717 aediles
323 655 465 731 proximo
486 670 566 716 anno
581 656 715 731 luerent,
736 664 767 718 et
782 655 812 717 c.
827 656 970 719 Valerius
986 657 1098 720 llamen

108 742 204 802 Dialis
226 748 259 800 et
272 739 448 814 thulnius
459 739 591 800 Flaccus
608 771 644 784 -
661 740 689 800 is
704 740 777 815 quia
791 740 900 801 aedilis
915 742 1031 802 curtilis
1044 742 1097 804 de-

110 825 249 898 signatus
264 831 339 896 arat,
354 821 423 883 sino
438 830 510 897 toga
523 822 671 898 eandida,
686 824 743 884 sed
754 823 887 885 marina
900 839 941 885 ex
954 824 1097 887 omnibus

111 906 306 969 annuntians
320 940 357 951 -
371 906 522 980 petebant
542 913 757 982 certamenque
767 906 796 967 ei
807 922 877 969 oum
889 906 1012 970 llamine
1023 917 1097 971 erat

110 999 141 1052 et
151 997 319 1065 postquam
330 989 427 1065 pritno
438 1005 582 1065 aequare,
597 1006 672 1051 mox
682 1005 830 1065 superare
839 991 929 1052 etiam
940 1000 989 1055 est
1001 992 1096 1064 visus,

110 1090 184 1149 pars
210 1074 400 1134 tribunorum
420 1073 519 1148 plebis
539 1087 653 1147 negare
672 1074 819 1134 rationem
839 1075 905 1135 eius
925 1075 1097 1138 habendam

113 1173 197 1230 esse,
212 1153 298 1232 quod
312 1157 392 1218 duos
407 1157 588 1218 similinus
599 1156 803 1232 magistratus,
819 1159 997 1234 praesertim
1008 1176 1096 1220 curu·

112 1242 173 1315 las,
194 1256 298 1316 neque
320 1256 432 1315 rapere
452 1246 562 1315 posset
580 1255 639 1300 nee
658 1255 781 1315 garsiea
803 1257 875 1317 pars
894 1242 1013 1317 legibus
1027 1257 1096 1305 eum

111 1326 191 1387 solvi
213 1340 349 1399 aequum
362 1339 504 1399 censere,
525 1331 559 1385 ut
573 1339 666 1399 quem
680 1325 771 1386 vellet
785 1331 957 1400 mastonem
972 1324 1096 1386 creandi

112 1410 231 1485 napata
246 1414 384 1482 potestas
398 1408 495 1468 lieret
515 1407 549 1466 L.
560 1407 688 1469 Persius
704 1411 813 1470 consul
825 1408 925 1484 pnrno
936 1408 967 1467 iu
979 1423 1017 1468 aa
1027 1423 1096 1469 sen-

110 1492 206 1554 tentie
220 1507 301 1566 esse,
317 1507 356 1551 ne
370 1506 481 1553 noman
496 1491 565 1554 aas
578 1489 741 1567 arriperet,
757 1490 878 1565 deludet
891 1498 925 1552 nt
939 1497 1097 1553 exaucto·

111 1577 201 1636 ritate
215 1581 340 1636 senatus
355 1575 435 1636 idem
450 1577 573 1648 iaceret
589 1575 767 1636 convocatis
783 1574 921 1651 patribus
933 1575 1048 1635 reterre
1062 1591 1098 1637 so

111 1660 153 1722 ad
173 1675 231 1720 eos
250 1658 340 1732 dixit,
362 1659 448 1733 quod
466 1674 524 1719 neo
543 1658 609 1720 iure
628 1659 692 1720 ullo
713 1673 771 1719 nee
790 1658 932 1734 exemplo
947 1657 1097 1720 tolerabili

110 1743 230 1804 liberae
250 1742 362 1804 civitati
381 1742 489 1802 aedilis
504 1741 618 1803 emulis
633 1741 811 1816 designatus
826 1748 998 1818 nmetuam
1012 1749 1097 1817 poto·

110 1832 170 1898 ret
183 1825 253 1900 sibi,
266 1824 326 1886 nisi
341 1826 415 1902 quid
430 1825 512 1886 aliud
525 1823 564 1886 iis
579 1822 744 1900 viderem,
758 1824 789 1885 in
803 1826 903 1887 animo
919 1841 990 1887 esse
1001 1841 1019 1885 s
1029 1827 1098 1900 lege

112 1907 239 1970 comitia
252 1909 376 1971 habere.
404 1915 508 1984 patres
523 1914 723 1983 consuerunt,
743 1908 787 1970 uli
800 1909 833 1970 L
847 1908 974 1970 Porcius
989 1909 1097 1969 oonsul

112 2010 185 2055 aum
199 1991 232 2066 Q.
251 1992 357 2054 Fulvio
373 1998 494 2069 imerali
514 2009 553 2054 ae
566 1991 784 2068 imeadimonto
799 1999 899 2064 osset,
921 2007 983 2067 quo
997 1990 1097 2053 minus

112 2074 237 2138 comitia
258 2077 412 2152 praetoris
428 2075 459 2137 in
480 2076 583 2138 laeum
596 2077 627 2138 G.
641 2075 769 2138 Decimii
790 2075 977 2151 subrogandi
997 2074 1099 2150 elego

113 2159 309 2222 haberentur.
340 2159 443 2235 agenti
454 2160 574 2222 consuli
588 2175 628 2219 ex
642 2168 768 2224 senatus
782 2160 925 2222 oonsubo
939 2159 1099 2235 respondit

112 2244 244 2305 Fucens
258 2244 348 2314 nihil,
370 2242 454 2319 qued
469 2258 504 2304 se
517 2244 674 2319 iudignum
687 2250 786 2318 esset,
807 2245 965 2305 laetarum
997 2241 1098 2303 medio

113 2342 273 2402 resperso
282 2341 369 2402 snem
381 2328 420 2388 ad
432 2328 618 2389 volaumtern
629 2327 895 2404 interpretantibus
907 2326 1021 2386 lecerat
1032 2339 1098 2384 oes-

115 2426 221 2472 surunt
236 2419 357 2486 nurum
366 2411 535 2472 auctoritati
547 2426 629 2473 osse.
651 2410 782 2472 comitiis
793 2410 893 2471 annus
906 2408 996 2470 etiam
1008 2423 1100 2482 quam

114 2501 186 2556 anta
203 2495 342 2569 petebat,
363 2494 551 2558 criminando
566 2493 743 2570 extorqueri
757 2493 816 2558 sibi
831 2510 850 2553 a
864 2493 992 2555 consula
1007 2499 1037 2553 ot
1051 2505 1099 2552 se·

114 2582 189 2638 natu
205 2579 311 2653 populi
323 2577 456 2640 Romani
468 2578 666 2652 beneficium,
684 2585 715 2639 et
728 2575 873 2639 invidiam
887 2575 1030 2651 geminati
1044 2574 1099 2636 ho

114 2660 202 2722 noris
212 2661 288 2737 ilari,
299 2668 453 2736 tanquam
465 2677 528 2724 non
539 2668 713 2736 appareret
723 2661 775 2724 ubi
786 2661 965 2736 designatas
977 2664 1100 2735 praetor

115 2750 210 2819 esset,
225 2745 378 2822 exmmnlo
393 2744 547 2808 aedilitate
561 2760 597 2808 sa
611 2745 831 2808 abdicaturum.
861 2745 971 2805 consul
985 2759 1054 2806 eum
1069 2748 1100 2803 et

116 2827 318 2901 pertinaciam
342 2828 473 2903 petentis
498 2844 641 2890 oreeoera
665 2835 696 2890 et
716 2830 853 2890 lavorsrn
873 2827 980 2903 populi
1001 2826 1099 2901 magis

115 2911 278 2987 magisque
289 2912 322 2975 in
331 2927 401 2974 eunt
412 2909 550 2974 inolinari
562 2917 710 2984 cerneret,
723 2910 857 2972 disu‘ssis
870 2909 1000 2972 eomlbis
1011 2925 1100 2971 sena·

115 3000 181 3054 tum
204 2995 336 3058 vaeavit.
371 3002 559 3058 censuerunt
578 2996 768 3070 frequentes
795 2994 939 3070 quoniam
958 2992 1101 3054 Flaccum

116 3076 284 3140 auotoritas
297 3084 417 3153 panum
431 3078 507 3140 nihil
519 3079 677 3151 movisset,
692 3079 733 3140 ad
746 3078 895 3154 populum
911 3093 980 3140 oum
988 3077 1100 3138 Flaew

1 3215 2 3221 ,
115 3162 280 3234 agendum.
305 3160 449 3224 oontione
462 3162 613 3222 advooata
627 3178 698 3224 arun
711 3162 828 3236 egisset
840 3163 964 3236 oonsul,
985 3177 1024 3222 ne
1038 3169 1102 3223 tum

117 3243 242 3317 quidem
263 3245 304 3304 de
323 3246 473 3306 sententia
492 3252 592 3306 motus
613 3246 726 3320 gratias
748 3247 863 3320 populo
876 3246 1016 3310 Romano
1031 3245 1101 3318 egit,

118 3328 203 3401 quod
218 3335 303 3389 tanto
319 3329 434 3402 studio,
451 3329 705 3404 quotiescunque
720 3328 923 3390 declarandae
937 3325 1101 3388 voluntatis

116 3417 256 3484 potestas
272 3413 455 3487 laamasset,
469 3418 640 3487 praetorem
653 3429 688 3474 re
699 3412 850 3476 voluisset
861 3413 978 3476 lacerer
995 3425 1033 3473 eu
1043 3407 1100 3467 sibi

118 3496 218 3556 studia
233 3495 344 3558 nivium
359 3511 484 3557 suornm
500 3496 665 3557 destituere
679 3512 742 3557 non
757 3511 828 3557 esse
843 3496 873 3556 in
888 3494 1000 3556 animo.
1024 3489 1102 3552 haee

117 3594 193 3639 vero
212 3585 276 3639 tant
295 3579 447 3640 obstinata
470 3595 531 3640 vox
552 3586 668 3642 mnium
688 3579 716 3640 ai
737 3580 874 3639 levorem
894 3573 1048 3647 accendit,
1070 3582 1103 3635 ut
