2642 4017
290 270 487 332 EPITOMAE
500 271 705 333 LIBRORUM
717 271 967 334 Lxlv-Lxlx.
1052 270 1113 336 307

124 420 260 466 indicandos
279 422 383 463 auctores
402 420 546 462 consiliorum
566 431 669 469 suorum,
695 419 756 473 quod
774 420 858 465 multos
879 425 900 465 ln
920 426 1000 465 senatu
1021 426 1115 478 pecunia

126 477 258 529 corrupisse
277 475 406 523 dicebatur,
428 474 519 516 Romam
533 476 608 524 veuit,
628 478 652 516 et
667 477 760 528 propter
774 474 865 518 caedem
879 475 1000 520 admissam
1015 480 1036 520 ln
1051 490 1112 532 regu·

122 533 170 573 ium
190 529 302 583 quendam
321 528 409 569 nomine
428 528 563 578 Massivam,
583 529 623 580 qui
641 539 733 580 regnum
752 530 802 571 elus
820 530 904 582 populo
922 530 1026 573 iiomaoo
1046 532 1114 575 invisi

77 593 79 600 ’
124 584 265 633 adieetabet,
286 583 371 625 Romae
391 581 544 632 interiectum,
568 593 618 623 cum
637 582 804 634 periclitaretur
823 594 914 626 causam
933 585 1015 638 capitia
1033 584 1113 636 dicere,

123 639 181 681 ciam
195 636 306 691 protegit,
322 638 346 677 et
358 635 442 678 cedens
455 636 511 676 urbe
525 634 596 678 iertur
610 634 696 678 dixisse
711 647 743 686 „o
756 637 835 678 urbem
849 631 963 688 taudem,
978 641 1001 681 et
1015 639 1061 680 cito
1075 651 1113 693 pe-

123 695 229 742 rituram,
248 694 267 734 si
283 693 408 744 emptorem
421 689 567 731 inveneriil⁸⁸
590 691 618 730 A.
632 689 762 733 Postumius
780 691 869 743 legatus
888 690 1008 734 infeliciter
1027 693 1114 746 proelio

123 747 233 788 adversus
253 742 381 796 Iugurtham
401 746 465 796 gesto
484 754 562 796 paoem
582 753 673 795 quoque
686 743 770 785 adiecit
783 746 966 797 ignominiosam,
987 756 1055 799 quam
1069 758 1113 788 uon

123 812 176 844 esse
192 798 326 842 servandam
341 799 433 840 senatus
448 797 542 839 censuit.

177 853 244 896 LXV·
265 852 293 897 u.
308 850 421 894 caecilius
434 850 542 895 bletelius
558 849 635 892 cousui
656 849 745 891 duobus
758 852 853 904 proellis
868 853 997 906 iugurthsm
1008 854 1067 896 iudit
1081 857 1113 895 to·

124 912 215 961 tamque
228 904 356 949 Numidiam
369 906 477 947 vastarit.
495 904 528 947 iu.
543 905 619 946 lunias
633 902 727 947 Silanus
740 906 820 949 consul
834 904 946 951 adsersus
962 907 1066 951 Cimbros
1079 909 1112 949 ln·

123 962 221 1003 ieiictter
233 961 349 1014 pugnavit.
365 960 448 1012 legatis
462 959 600 1001 cimbrorum
614 956 692 1000 sedem
706 959 730 999 et
740 969 813 1012 agros,
830 961 853 1002 lu
863 962 946 1014 qulbus
955 964 1113 1011 consisterent,

124 1015 292 1069 postulantibus
306 1016 398 1057 senatus
412 1015 510 1066 negarit.
526 1014 558 1055 il.
569 1012 681 1053 Minucius
695 1014 815 1064 proconsul
830 1013 940 1058 adversus
950 1015 1047 1059 Thracas
1061 1025 1112 1068 pro·

124 1080 192 1123 spere
205 1068 321 1121 pugnavit.
335 1068 361 1111 i..
377 1067 469 1110 &ulus
484 1066 561 1110 consul
576 1079 590 1105 a
603 1066 716 1118 Tigurinis
730 1065 810 1116 tiallls,
825 1079 884 1121 pago
898 1068 1057 1119 helvetiorum,
1073 1068 1113 1121 qui

123 1134 138 1164 s
153 1124 244 1164 civitate
258 1125 411 1171 secesserant,
428 1124 451 1162 io
465 1122 546 1163 linibus
559 1120 706 1172 Allobrogum
720 1132 769 1163 euru
783 1125 883 1163 exercitu
897 1134 977 1165 escsua
992 1127 1034 1167 est.
1056 1122 1111 1164 mili·

125 1180 161 1219 tes
176 1177 215 1229 qui
230 1187 258 1216 ex
272 1186 299 1216 ea
313 1174 377 1217 clade
389 1178 557 1229 superaverant,
571 1174 690 1217 obsidibus
704 1174 763 1217 datis
778 1178 801 1216 et
816 1175 909 1218 dimidia
927 1188 1001 1219 rerum
1015 1178 1113 1219 omnium

124 1233 197 1285 parte,
213 1234 238 1271 ut
252 1228 376 1271 incolumes
390 1228 562 1278 dimitterentur,
577 1239 626 1269 cunr
640 1227 747 1271 hostibus
760 1231 821 1282 pscti
836 1233 897 1273 sunt.

178 1284 256 1326 LXVi.
274 1281 379 1336 iugurtha
397 1285 478 1336 pulsus
493 1296 507 1324 a
520 1283 546 1324 c.
561 1282 632 1323 lilerio
648 1282 766 1333 Numidia,
787 1294 836 1324 cum
851 1283 937 1326 suxssio
950 1283 1035 1326 Bocchi
1049 1285 1112 1326 blau·

123 1334 1113 1444 iul.'iziinilihiithitithiiiiii.iltil.i¹3⁰ti.⁶..3tii⁸nulii

125 1445 192 1540 {imi
201 1444 274 1538 οξοὶοἱο
288 1447 336 1496 esti
354 1446 376 1485 iu
391 1454 436 1497 qua
454 1455 478 1485 re
493 1446 615 1497 praecipua
628 1454 699 1497 opera
712 1443 740 1487 l..
758 1442 858 1485 cornelii
872 1443 963 1494 Sullae,
984 1446 1112 1496 quaestoris

151 1501 199 1548 ari,
225 1503 265 1539 nt.

178 1553 263 1594 LXVii.
278 1555 311 1597 Μ.
326 1552 432 1595 Aurelius
447 1552 557 1601 Scaurus,
573 1551 662 1603 legatus
678 1552 790 1601 corisulis,
805 1562 819 1592 a
833 1552 929 1593 cimbris
944 1550 995 1593 iuso
1010 1553 1111 1595 exercitu

125 1610 205 1661 csplirs
224 1610 271 1654 est3
291 1611 313 1648 et
331 1617 380 1647 cum
399 1606 422 1647 lu
442 1605 560 1647 consilium
578 1606 650 1646 abiis
665 1607 771 1646 evocatus
786 1604 911 1646 deterreret
925 1617 978 1654 eos,
998 1616 1026 1646 ne
1040 1607 1111 1659 Alpes

125 1663 249 1703 transirent
269 1660 355 1703 ltalianr'
376 1660 480 1712 petituri,
503 1671 530 1700 eo
548 1658 609 1712 quod
628 1658 713 1699 diceret
730 1658 842 1700 Romanos
862 1659 921 1699 vinci
935 1670 979 1699 non
994 1670 1076 1711 posse,
1099 1671 1112 1700 a

125 1716 229 1767 Boiorige
248 1714 317 1756 ierocl
338 1716 418 1755 iuvene
437 1714 526 1755 occisus
540 1715 582 1756 est.
602 1714 630 1753 ab
646 1712 727 1754 iisdem
745 1711 849 1754 hostibus
863 1713 905 1754 cn.
920 1713 1018 1756 Manlius
1032 1713 1111 1755 eousul

125 1773 149 1811 et
164 1769 192 1813 u.
207 1767 319 1810 Servilius
333 1769 416 1820 caepio
431 1767 551 1820 proconsul
565 1767 619 1808 victi
634 1766 720 1818 proelio
739 1767 867 1818 castrisque
886 1768 945 1808 binis
963 1768 1025 1808 exuti
1044 1770 1111 1813 sunto

125 1823 221 1865 miiitum
234 1822 297 1864 rutila
308 1822 423 1874 octoginta
437 1822 526 1870 occisa,
547 1819 649 1861 calonum
663 1823 687 1861 et
700 1820 796 1862 lixarum
810 1820 969 1874 quadraginta,
988 1820 1111 1864 secundum

124 1877 279 1919 Arausionem.
301 1877 432 1929 Caepionis,
447 1875 510 1915 euius
524 1876 650 1916 temeritate
666 1874 744 1917 clades
756 1877 850 1927 accepta
863 1879 924 1926 erat,
940 1875 1038 1916 damnati
1051 1875 1112 1916 bona

141 1930 239 1972 ublicata
254 1931 318 1977 sunt,
338 1931 403 1981 primi
423 1932 475 1982 post
488 1938 562 1980 regern
576 1928 731 1980 Tarquinium,
751 1929 913 1981 imperiumque
932 1931 952 1969 ei
971 1929 1110 1981 abrogatum.

124 1943 148 2027 fn
168 1983 281 2037 triumpho
299 1982 327 2023 G.
342 1983 406 2023 idatii
427 1982 508 2023 ductus
527 1985 579 2023 ante
596 1992 685 2023 cunum
700 1983 749 2024 eius
764 1982 869 2035 iugurtha
883 1993 932 2023 cum
947 1982 1034 2023 duobus
1047 1982 1109 2031 illlis,

125 2040 186 2081 etin
201 2048 290 2078 carcere
304 2039 397 2077 necatus
411 2038 455 2079 est.
470 2035 556 2079 illarius
574 2035 702 2088 triumphali
716 2039 781 2078 veste
800 2036 822 2076 iu
837 2038 940 2077 senatum
956 2037 1030 2083 venit,
1049 2034 1110 2087 quod

125 2104 191 2134 nemo
210 2093 263 2132 ante
281 2102 332 2131 eum
349 2090 448 2139 iecersti
469 2090 536 2141 eique
556 2094 649 2143 propter
666 2090 770 2132 Cimbrici
792 2089 846 2130 beili
866 2090 949 2131 metum
969 2090 1111 2132 continuatur

125 2158 166 2199 per
179 2146 306 2197 complures
319 2155 390 2185 annos
404 2144 546 2197 magistratus
560 2145 603 2185 est.
623 2146 704 2186 lterum
720 2147 743 2185 et
757 2145 847 2185 tertium
861 2144 943 2185 absens
957 2142 1035 2184 consui
1049 2153 1110 2183 crea·

125 2205 174 2251 tus,
194 2201 297 2251 quartum
315 2198 454 2240 consulatum
470 2197 638 2240 dissimulanter
651 2201 745 2251 captans
759 2200 895 2239 consecutus
909 2200 953 2239 est.
977 2196 1018 2240 Gn.
1034 2196 1110 2237 Domi-

125 2255 171 2296 tius
184 2251 287 2306 pontiiex
300 2253 409 2294 maximus
422 2250 500 2305 popuii
514 2253 618 2303 sudrsgio
632 2256 721 2294 creatus
734 2257 776 2294 est.
792 2252 876 2296 cimbri
890 2251 985 2293 variatio
999 2251 1110 2301 omnibus,

126 2319 184 2360 quae
203 2307 262 2347 iuter
275 2304 406 2347 Rhodanum
424 2308 447 2348 et
461 2306 597 2357 Pyrenaeum
611 2309 676 2355 sunt,
695 2317 738 2360 per
754 2307 836 2350 ulium
856 2309 877 2347 ln
892 2306 1022 2360 iiispauIam
1037 2308 1107 2347 haus·

140 2361 198 2404 remi
216 2360 292 2412 ibique
311 2361 382 2401 muita
401 2360 451 2401 loca
472 2360 584 2412 populati,
605 2372 619 2401 a
633 2359 752 2404 celtiberis
771 2361 841 2414 iugatl
856 2365 921 2411 sunto
941 2363 1072 2413 reversique
1086 2358 1109 2401 in

125 2375 221 2458 {ailiam
235 2413 353 2457 bellicosis
366 2426 392 2456 se
405 2414 513 2456 Teutonis
527 2416 698 2458 coniunxerunt.

178 2468 273 2512 laxi'ill.
293 2469 325 2511 hl.
340 2469 449 2511 Antonius
467 2471 558 2521 praetor
576 2470 599 2510 in
615 2467 715 2510 Giilciam
729 2470 852 2512 sasritlmos
865 2469 991 2522 praedones
1004 2479 1109 2522 perseca-

126 2527 163 2565 tus
182 2526 226 2566 est.
249 2521 274 2564 C.
289 2522 375 2565 idacius
394 2521 473 2565 consui
491 2533 577 2564 summa
596 2525 618 2565 vl
633 2527 761 2576 oppugnata
775 2534 789 2564 a
802 2524 909 2567 Teutonis
923 2526 947 2565 et
960 2523 1109 2565 Ambronibus

126 2580 200 2619 castra
219 2576 328 2620 deiendit.
349 2578 437 2620 duobus
452 2576 533 2618 deinde
547 2576 639 2630 proeliis
657 2577 717 2618 circa
730 2579 806 2630 Aquas
820 2576 912 2621 Sextias
926 2589 965 2620 eos
978 2576 1057 2619 hostes
1071 2576 1108 2618 de·

125 2632 192 2678 levit,
215 2631 237 2671 in
258 2632 340 2682 quibua
360 2643 425 2673 caesa
443 2629 563 2673 traduntur
581 2629 680 2673 hostium
699 2631 795 2673 ducenta
809 2630 883 2681 milia,
902 2633 969 2686 capta
982 2631 1110 2684 nonaginta.

125 2684 210 2725 illarius
230 2683 312 2726 absens
332 2686 433 2736 quintum
452 2685 530 2727 consui
550 2687 639 2727 creatus
652 2690 696 2728 est.
718 2683 855 2738 triumphum
868 2685 980 2735 oblatum,
1001 2684 1072 2726 donec
1085 2686 1110 2725 et

127 2735 229 2778 Cimbros
242 2737 354 2786 vinceret,
370 2737 467 2779 distulit.
491 2739 573 2779 cimbri
588 2739 680 2791 repulso
695 2739 723 2780 ab
737 2739 833 2792 Alpibus
848 2738 968 2792 iugatoque
983 2739 1011 2784 Q.
1028 2737 1109 2780 Catulo

126 2788 271 2843 proconsule,
293 2791 332 2840 qui
351 2791 427 2832 lauces
445 2791 536 2843 Alpium
554 2792 675 2834 obsederat
692 2795 716 2834 et
733 2793 762 2834 ad
781 2793 861 2834 flumen
875 2792 975 2835 Athesim
989 2792 1109 2835 castelium

126 2841 210 2884 editum
225 2841 339 2883 insederat
352 2841 526 2895 reliqueratque,
541 2856 590 2886 cum
606 2847 690 2886 virtute
704 2857 745 2888 sua
758 2846 870 2898 explicata
881 2846 1002 2898 lugientem
1013 2857 1108 2898 procon-

126 2896 198 2939 sulem
213 2898 379 2949 exercitumque
392 2898 506 2939 consecuti
520 2900 543 2939 iu
557 2898 643 2939 ltaiiam
656 2900 806 2949 traiecissent,
822 2900 904 2941 iunctis
918 2899 1017 2942 eiusdem
1033 2899 1107 2942 Catuli

126 2954 150 2992 et
169 2950 195 2991 c.
214 2950 278 2991 Marii
300 2951 436 2994 exercitibus
454 2951 541 3004 proelio
559 2953 612 2992 victi
631 2956 684 2994 sunt
703 2953 731 2993 ab
745 2954 791 3001 eis,
816 2954 838 2993 iu
854 2962 898 3004 quo
912 2964 978 2996 caesa
991 2956 1109 2996 traduntur

126 3003 225 3045 bostium
240 3005 328 3046 centum
347 3002 495 3057 quadraginta
508 3003 580 3054 milia,
601 3009 668 3057 capta
681 3007 804 3058 sexaginta.
827 3006 912 3050 hierius
925 3009 997 3051 totius
1010 3008 1109 3049 clriletls

125 3069 236 3101 consensu
250 3061 371 3112 exceptus,
389 3069 430 3111 pro
445 3058 533 3101 duobus
546 3058 677 3111 triumphis,
698 3061 737 3113 qul
751 3061 910 3111 oiierebantur,
932 3073 976 3103 ano
990 3065 1109 3104 contentus

125 3113 175 3156 luit.
196 3113 306 3165 primores
327 3113 438 3162 civitatis,
459 3114 498 3165 qui
518 3112 655 3166 aliquamdiu
670 3117 694 3155 ut
708 3125 766 3154 novo
781 3114 864 3157 homini
878 3113 906 3155 ad
921 3117 997 3159 tantos
1011 3116 1108 3157 honores

125 3169 205 3210 evecto
223 3166 361 3216 inviderant,
381 3170 533 3209 conservatam
552 3167 580 3208 ab
599 3179 626 3208 eo
644 3177 692 3209 rem
711 3167 823 3221 publicam
838 3169 974 3214 fatebantur.
993 3169 1108 3212 Publicius

124 3220 246 3263 Malleolus
260 3225 330 3262 maire
343 3222 418 3263 occisa
431 3223 516 3274 primus
535 3222 599 3263 culeo
612 3223 702 3265 insutus
716 3224 739 3262 ln
754 3233 814 3265 mara
828 3224 990 3278 praecipitatus
1004 3228 1048 3268 est.
1069 3233 1107 3263 an-

125 3274 178 3316 cilia
192 3286 241 3316 cum
255 3278 301 3316 stre
318 3276 351 3316 itu
365 3278 425 3316 mota
440 3286 503 3325 esse,
523 3278 642 3327 antequam
658 3275 790 3318 cimbricum
808 3277 891 3319 bellum
910 3277 1105 3325 consummaretur,

125 3328 259 3371 scieruntnr.
274 3287 336 3369 berla
351 3332 466 3381 praeterea
479 3329 537 3369 inter
551 3329 630 3380 Syriae
644 3340 709 3383 reges
723 3334 787 3383 gesta
802 3332 908 3373 continet.

177 3382 253 3424 hiiix.
274 3383 299 3424 i..
313 3383 438 3436 Appuleius
451 3382 586 3425 Saturninus
600 3384 722 3426 adiurante
736 3386 762 3429 c.
776 3384 860 3435 Mario,
881 3388 905 3427 et
919 3395 960 3437 per
973 3383 1057 3424 milites
1070 3391 1106 3422 oc·

126 3438 174 3479 ciso
189 3437 215 3477 A.
230 3436 304 3476 Nonio
319 3439 472 3489 competitore,
487 3437 678 3490 tribunusplebis
692 3449 732 3491 per
746 3442 790 3481 rim
805 3442 900 3488 creatus,
915 3449 959 3478 non
973 3437 1046 3478 miuus
1059 3435 1107 3476 sio·

126 3490 197 3530 lenter
210 3489 346 3531 tribunatum
360 3502 425 3543 quarn
439 3493 534 3544 petierat
562 3494 632 3543 canite
650 3496 674 3533 et
687 3504 737 3534 curu
750 3493 821 3546 legem
835 3493 944 3543 agrariam
958 3499 999 3541 per
1012 3492 1057 3530 vim
1071 3493 1105 3530 ts·

125 3544 197 3592 iisset,
213 3543 305 3585 Metello
313 3544 439 3594 Numidico,
454 3556 481 3586 eo
495 3504 562 3599 quod
569 3547 592 3587 in
603 3558 653 3589 eam
664 3558 709 3589 nou
720 3548 840 3597 iuraverat,
855 3544 913 3585 diem
926 3544 996 3594 distis
1011 3543 1049 3595 qui
1057 3554 1105 3584 οοι

841 3600 898 3661 20*
