2642 4017
338 237 580 320 ttuuuxmv.
603 236 685 297 cnr.
698 246 742 300 aa.
763 244 796 313 [a
811 243 915 316 cuca]
1060 240 1123 303 aas

142 391 296 449 frumento
318 392 456 462 petentes
477 393 654 448 tutarentur.
679 388 890 450 Cassandreae
905 390 1056 452 deductae
1070 409 1122 454 na·

142 488 200 532 ves
221 472 251 531 in
274 479 381 547 portus
402 471 548 546 primum,
573 473 625 547 qui
647 471 705 532 sub
726 471 807 533 Atho
828 479 931 534 monte
945 482 1031 549 sunt,
1051 475 1122 537 inde

140 555 299 616 Tenedum
321 554 442 629 placido
458 554 533 614 mari
547 571 617 615 cum
630 555 836 631 traiecissem,
856 564 973 619 stantes
987 557 1018 618 in
1032 565 1124 635 portu

141 639 281 701 Rhodias
302 645 425 714 apertas
447 654 542 698 naves
562 639 795 716 Eudamumque
816 642 1003 716 praelectum
1018 657 1122 703 earum

142 723 307 784 inviolatos
339 729 432 798 atque
464 721 554 782 etium
578 722 711 798 benigna
735 725 909 799 appellatos
934 724 1122 787 dimiserunt

143 805 268 882 cognito
294 805 406 867 deinde
431 805 461 865 in
486 806 580 866 lutere
604 807 699 868 altero
722 806 945 884 quinquaginta
963 810 1121 871 onerarias

142 907 269 953 suarum
284 889 434 950 stantibus
454 890 485 950 in
501 890 580 951 ostio
595 897 702 967 portus
716 890 862 952 Eumenis
876 893 1033 968 rostralis,
1055 895 1122 970 qui-

141 975 202 1037 bus
217 963 344 1035 Damius
358 981 508 1048 praeerat,
522 973 657 1035 inclusas
670 989 750 1047 esse,
767 974 964 1037 circumvecti
976 993 1119 1053 propere,

143 1075 180 1119 ac
195 1056 357 1125 summotis
372 1065 489 1119 terrore
503 1056 637 1119 hostium
651 1054 782 1119 navibus
799 1056 957 1121 onerarias
971 1061 1051 1123 datis
1068 1061 1120 1137 qul

143 1149 406 1219 prosequerentur
419 1141 526 1202 decem
540 1141 648 1202 lembis
662 1141 693 1203 in
707 1141 919 1205 Macedoniam
932 1144 1060 1220 mittunt,
1080 1145 1122 1205 ita

144 1226 227 1291 utin
247 1231 343 1287 tutum
362 1226 519 1304 prosecuti
538 1225 674 1287 redirent
691 1226 856 1287 Tenedum.
880 1244 963 1289 nono
984 1235 1056 1303 post
1070 1229 1121 1290 die

103 1313 109 1324 '
143 1311 183 1370 ad
204 1310 335 1370 classem
355 1308 415 1369 iarn
435 1309 476 1368 ad
495 1308 626 1384 Sigeum·
640 1316 771 1371 stantem
789 1311 954 1372 redierunt.
976 1311 1048 1371 inde
1063 1311 1119 1372 Su-

143 1393 216 1453 bota
229 1425 271 1437 -
285 1394 386 1454 insula
405 1398 454 1452 est
472 1392 631 1452 interiecta
644 1393 756 1454 Elaeae
776 1399 806 1453 et
819 1393 901 1455 Atho
915 1427 957 1439 -
970 1394 1119 1455 traiciunt.

145 1479 223 1537 rone
237 1484 362 1552 postero
379 1475 429 1535 die
443 1492 534 1550 quam
549 1474 667 1537 Subota
682 1475 792 1537 classis
807 1477 916 1552 tenuit,
940 1475 1076 1553 quinque
1090 1484 1121 1539 et

143 1561 264 1635 triginta
274 1575 379 1633 naves,
394 1574 472 1634 quas
483 1557 679 1635 hippagogus
687 1566 806 1631 vocant
818 1559 856 1620 ab
863 1561 957 1621 Elaea
963 1562 1120 1636 proiectae

143 1661 212 1705 cum
226 1643 380 1720 equitibus
396 1642 489 1702 Gallis
504 1642 656 1719 equisque
666 1642 787 1703 Phanas
800 1644 1039 1718 promontorium
1052 1644 1119 1705 chl-

143 1724 229 1789 orum
241 1729 393 1804 petebant,
408 1726 491 1789 unde
502 1726 745 1787 transmitterem
756 1726 968 1789 Macedoniam
979 1735 1119 1805 possent.

127 1821 131 1827 ·
144 1814 243 1874 Attalo
265 1813 304 1872 ab
317 1812 453 1873 Eumene
468 1808 670 1877 mittebantur.
690 1808 746 1870 has
761 1826 855 1872 naves
871 1828 928 1888 per
940 1815 1033 1873 ultum
1048 1812 1119 1872 lerri

142 1913 211 1958 cum
225 1912 265 1956 ex
280 1897 408 1971 specula
422 1896 543 1970 signum
564 1893 666 1956 datum
681 1894 828 1955 Antenori
843 1902 940 1971 esset,
963 1897 1119 1971 proiectus

142 1981 181 2041 ab
202 1978 328 2042 Subotis
354 1980 433 2045 inter
452 1977 651 2057 Erythrarum
676 1979 916 2053 promontorium
943 1979 1119 2054 Chiumque,

143 2080 205 2139 qua
224 2063 409 2125 artissimum
425 2064 533 2123 fretum
548 2068 610 2136 est,
635 2061 673 2122 iis
688 2061 829 2143 occurrit.
851 2060 924 2121 nihil
934 2062 1037 2122 minus
1054 2076 1118 2121 cre·

143 2148 216 2208 dere
232 2147 376 2224 praelecti
390 2146 535 2207 Eumenis
551 2162 643 2222 quam
657 2145 861 2206 Macedonum
876 2147 1008 2206 classem
1021 2144 1053 2204 in
1067 2144 1118 2206 illo

104 2274 106 2277 -
142 2230 246 2307 vagari
260 2232 351 2292 mariz
373 2247 454 2293 nunc
467 2231 623 2292 Romanos
639 2244 726 2303 esse,
742 2245 823 2290 nunc
837 2229 985 2304 Attalum,
1006 2235 1059 2289 aut
1071 2243 1118 2288 re·

141 2316 254 2377 missos
277 2315 398 2391 aliquos
419 2314 458 2376 ab
478 2313 580 2375 Attalo
595 2329 635 2373 ex
655 2313 765 2375 castris
779 2311 925 2375 Romanis
939 2312 1119 2387 Pergamum

141 2408 255 2475 petere.
278 2399 336 2459 sed
355 2416 423 2461 cum
437 2398 497 2460 iam
511 2396 823 2475 appropinquantium
837 2398 935 2458 formu
949 2396 1119 2457 lembomm

141 2481 223 2543 haud
244 2481 337 2545 dubia
356 2489 453 2559 esset,
477 2489 506 2543 et
525 2482 687 2544 concitatio
707 2497 861 2543 remorum
876 2482 1073 2554 directaeque
1088 2478 1117 2538 in

142 2582 177 2626 se
192 2582 301 2640 prorae
316 2565 422 2628 hostes
437 2568 688 2644 appropinquare
702 2567 905 2642 aperuissent,
921 2572 993 2627 tunc
1007 2562 1119 2623 iniecta
1177 2643 1181 2650 ,
1216 2568 1219 2573 “

119 2711 125 2717 ,
142 2648 305 2722 trepidatio
320 2656 375 2723 est,
390 2665 459 2710 cum
472 2650 635 2711 resistendi
645 2665 721 2725 spes
732 2651 815 2711 nulla
825 2654 918 2724 esset,
932 2646 1117 2722 inhabilique

143 2730 267 2789 navium
287 2745 399 2802 genere
419 2737 449 2790 et
470 2731 563 2792 Gallis
584 2734 636 2791 vix
658 2732 791 2805 quietem
804 2733 970 2793 serentibus
986 2732 1016 2791 in
1031 2728 1117 2791 muri.

145 2828 217 2888 pars
232 2826 347 2886 eorum,
364 2812 415 2887 qui
426 2813 589 2887 propiores
601 2815 767 2874 continenti
782 2814 873 2875 littori
888 2820 988 2889 erant*
999 2814 1029 2874 in
1040 2814 1129 2892 Ery·.

143 2897 278 2957 thracam
291 2903 434 2964 enarunt;
452 2911 525 2970 pars
537 2896 613 2955 velis
625 2896 704 2956 datis
715 2898 754 2955 ad
766 2896 872 2956 Chium
883 2912 979 2957 naves
990 2897 1118 2969 eiecere,

142 2977 318 3054 relictisque
334 2978 422 3054 equis
438 2977 538 3038 effusa
552 2978 741 3053 lugaurbem
754 2979 906 3053 petebant.
922 2980 979 3040 sed
990 2981 1118 3057 propius

140 3065 248 3126 urbem
268 3063 359 3123 lembi
381 3077 574 3137 accessuque
588 3061 795 3123 commodiore
816 3079 884 3124 cum
899 3065 1119 3139 exposuissent

141 3154 284 3222 armatos,
301 3145 455 3223 partimin
471 3146 520 3205 via
534 3145 686 3222 rugientes
702 3146 805 3229 Gallos
819 3148 921 3224 adepti
931 3147 1117 3209 Macedones

141 3231 324 3305 ceciderunt,
342 3229 450 3308 partim
465 3238 535 3291 ante
548 3238 669 3307 portam
683 3231 838 3293 exclusos.
855 3233 1027 3293 clauserant
1037 3231 1118 3291 enim

142 3314 207 3377 chii
222 3324 355 3391 portam,
377 3314 474 3392 ignari
496 3313 549 3391 qui
568 3316 710 3390 lugerent
723 3321 775 3376 aut
789 3321 999 3390 sequerentur.
1021 3312 1116 3380 octin-

141 3397 224 3473 genti
238 3400 332 3460 terme
346 3400 502 3462 Gallorum
513 3399 618 3474 occisi,
634 3398 757 3460 ducenti
769 3399 829 3459 vivi
842 3400 937 3475 eapti;
960 3394 1033 3471 equi
1044 3409 1116 3470 pars

142 3479 173 3541 in
188 3483 263 3541 mari
277 3482 380 3544 tractis
395 3484 524 3545 navibus
540 3483 703 3561 absumpti,
725 3482 834 3559 partim
849 3495 961 3540 nervos
976 3475 1116 3538 succide·
