2642 4017
251 265 313 328 roa
417 214 632 325 emunata.
655 261 738 322 cnr.
752 269 853 324 saro.
875 262 912 339 p.
926 263 1069 339 unsar]

248 433 285 478 co
301 416 391 476 etiam
404 414 539 476 Marcius
559 421 738 475 cunctantes
758 411 863 473 movit
897 411 1036 488 „minor“
1050 410 1148 487 inquit
1163 411 1228 488 „ad

246 500 393 561 maiorem
412 503 462 559 et“
481 529 526 542 —
544 497 629 572 quod
646 496 786 572 Philippo
813 495 874 572 ipsi
904 510 1076 571 cognomen
1096 500 1165 555 erat
1180 527 1228 541 —

245 584 346 660 „illius
361 583 401 643 ad
415 589 532 658 patrem
546 584 711 641 transeat“
738 579 828 640 facila
841 594 1024 655 persuasum
1039 579 1072 638 id
1085 578 1150 653 regi
1165 584 1227 640 est

245 668 327 729 aliud
343 665 454 727 deinde
469 663 685 739 ambigebatur,
701 678 770 724 oum
785 679 877 739 quam
889 663 990 724 multis
1002 661 1152 724 transiret.
1167 677 1228 723 rex

245 767 314 812 eum
329 749 411 810 omni
426 748 568 807 comitatu
581 748 711 807 transire
725 762 857 821 aequum
878 745 1039 808 censebatt
1067 747 1158 821 legati
1172 746 1226 805 vel

244 851 314 896 cum
328 833 425 894 uibus
440 832 545 891 venire
558 829 718 904 iubebant,
742 831 792 890 vel
813 831 841 890 si
861 836 978 891 mutum
992 845 1102 905 agmen
1117 830 1225 889 uadu-

244 923 340 990 ceret,
356 914 482 975 obsides
498 915 584 975 daret
598 912 672 974 nihil
687 914 804 974 fraudis
819 913 885 973 iore
904 913 936 973 in
952 913 1117 988 colloquio.
1146 913 1224 987 Hip

242 1001 325 1075 piam
340 1006 370 1058 et
382 997 610 1076 Pantauchum,
621 1012 701 1071 quos
718 1003 749 1057 et
764 998 883 1072 legatos
904 996 1043 1071 miserat,
1064 995 1223 1072 principes

243 1081 424 1156 amicorum,
440 1080 566 1141 obsides
582 1080 676 1140 dedit.
704 1095 762 1140 nec
782 1087 843 1140 tam
864 1080 895 1140 in
916 1081 1029 1156 pignus
1049 1079 1121 1140 fldei
1137 1078 1222 1139 obsi-

242 1164 299 1225 des
314 1164 478 1225 desiderati
493 1171 586 1239 erant,
601 1180 694 1239 quam
703 1169 736 1224 ut
747 1169 910 1240 appareret
919 1164 1015 1225 sociis
1026 1178 1223 1239 nequaquam

243 1264 283 1308 ex
297 1248 444 1324 dignitate
457 1249 525 1324 pari
547 1248 695 1323 congredi
714 1262 818 1322 regern
839 1262 909 1308 cum
929 1247 1049 1323 legatis.
1077 1246 1222 1308 salutatio

242 1347 305 1393 uon
324 1338 479 1408 tamquam
499 1331 648 1405 hostium,
678 1331 736 1391 sed
755 1329 916 1407 hospitalis
936 1347 974 1391 ac
993 1330 1127 1406 benigna
1147 1330 1222 1400 iuit;

241 1415 415 1492 positisque
430 1414 557 1476 sedibus
573 1414 790 1475 consederunt.
831 1414 892 1475 XL.
915 1430 983 1475 cum
1004 1414 1164 1490 paulisper
1177 1414 1220 1474 si-

241 1500 366 1561 lentium
381 1498 498 1573 luisset,
514 1498 708 1574 ‚exspectari
718 1498 905 1573 nos“inquit
914 1498 1046 1559 Marcius
1058 1496 1219 1571 „arbitron

241 1589 274 1644 ut
286 1584 530 1659 respondeamus
546 1583 652 1643 litteris
668 1582 744 1656 tuis,
759 1597 837 1656 quas
852 1581 1017 1658 corcyram
1037 1580 1162 1654 misisti,
1187 1581 1219 1640 in

243 1665 355 1740 quibus
370 1666 494 1741 quaeris
514 1666 587 1739 quid
612 1664 655 1726 ita
680 1665 771 1740 legati
792 1680 861 1725 cum
878 1665 1022 1726 militibus
1044 1665 1218 1725 venerimus

241 1757 273 1809 et
287 1748 444 1824 praesidia
463 1750 494 1807 in
515 1749 653 1825 singulas
673 1751 766 1809 urbes
790 1748 984 1810 dimittamus.
1013 1748 1054 1809 ad
1074 1748 1154 1808 hanc
1172 1748 1215 1807 in·

242 1830 476 1907 terrogationem
488 1839 571 1893 tuam
584 1841 615 1893 et
628 1849 691 1893 non
706 1833 897 1908 respondere
917 1847 1028 1893 vereor
1048 1847 1087 1892 ne
1108 1845 1217 1906 super·

240 1914 313 1975 bum
327 1915 382 1990 sit,
397 1923 428 1977 et
444 1931 519 1975 vera
539 1917 784 1992 responderene
808 1916 895 1976 nimis
918 1916 1063 1976 acerbum
1082 1912 1217 1976 audienti

240 1999 293 2059 tibi
308 2001 455 2062 videatur.
484 2000 540 2059 sed
555 2015 623 2060 eum
640 2007 691 2061 aut
705 1999 808 2060 verbis
830 2000 1028 2075 castigandus
1049 2006 1102 2060 aut
1121 1998 1215 2058 armis

240 2084 279 2144 sit
293 2084 346 2160 qui
360 2084 470 2144 foedus
484 2083 609 2159 rumpit,
624 2083 704 2143 sicut
716 2082 828 2143 bellum
842 2085 993 2144 adversus
1013 2089 1044 2143 te
1058 2083 1109 2143 alii
1123 2096 1216 2156 quam

196 2210 198 2212 ψ
240 2168 312 2227 mihi
326 2168 499 2228 mandatum
514 2167 629 2240 malim,
644 2166 687 2226 ita
701 2166 846 2227 orationis
857 2167 1050 2228 acerbitatem
1062 2166 1214 2226 adversus

239 2249 406 2327 hospitem,
422 2258 585 2326 utcumque
598 2256 661 2324 est,
684 2249 810 2322 subibo,
834 2250 913 2311 sicut
932 2250 1058 2324 medici,
1080 2265 1147 2310 cum
1163 2265 1213 2309 sa·

239 2335 310 2403 lutis
332 2349 427 2395 causa
446 2333 580 2395 tristiora
600 2332 736 2393 remedia
757 2331 910 2393 adhibent.
943 2349 983 2394 ox
1005 2350 1065 2408 quo
1087 2348 1215 2408 regnum

239 2419 369 2494 adeptus
385 2433 435 2491 es,
454 2432 546 2476 unam
559 2432 623 2475 rem
638 2424 684 2490 te,
700 2432 780 2490 quae
799 2417 942 2478 iacienda
961 2417 1065 2491 luerit,
1088 2422 1213 2478 senatus

238 2502 352 2561 iecisse
366 2507 485 2586 censet,
503 2499 587 2573 quod
607 2499 726 2573 legatos
743 2502 872 2562 Romam
892 2502 932 2562 ad
952 2501 1162 2563 renovandum
1177 2498 1212 2538 **

237 2584 352 2644 iudicat
377 2581 479 2657 potius
505 2598 596 2656 quam
621 2597 689 2642 eum
715 2592 894 2645 renovatum
915 2593 1001 2646 esset
1025 2585 1212 2647 violandum.

237 2664 431 2740 Abrupolim,
448 2664 565 2725 socium
584 2672 676 2741 atque
690 2667 820 2728 amicum
836 2671 940 2744 poptdi
955 2669 1101 2743 Romani,
1116 2682 1212 2743 regno

237 2748 396 2823 exptdisti=
410 2747 562 2809 Artetauri
577 2750 801 2827 interfectores,
818 2760 850 2813 ut
864 2754 974 2824 caede,
991 2770 1030 2813 ne
1046 2753 1121 2827 quid
1135 2753 1213 2811 ultra

237 2831 352 2905 dicam,
372 2833 513 2893 laetatum
529 2843 707 2910 appareret,
729 2835 888 2912 recepisti,
912 2837 962 2912 qui
985 2836 1119 2897 omnium
1138 2836 1210 2911 llly-

236 2916 350 2975 riorum
365 2915 547 2977 fidissimum
559 2919 699 2979 Romano
720 2920 834 2980 nomini
855 2921 991 2995 regulum
1016 2921 1210 2980 occiderant=

157 3047 160 3063 .
236 3015 292 3074 per
303 3000 492 3061 Thessaliam
507 3010 537 3062 et
550 3001 729 3063 Maliensem
743 3020 849 3079 agrum
870 3019 938 3063 eum
953 3005 1090 3064 exercitu
1106 3009 1212 3063 comm

221 3082 346 3143 ·ioedus
361 3085 497 3160 Delphos
511 3086 575 3156 isti,
592 3086 748 3163 Byzantiis
763 3087 835 3148 item
849 3094 956 3148 contra
977 3088 1087 3149 foedus
1102 3085 1212 3147 misisti

237 3166 366 3226 auxilia:
386 3183 454 3227 cum
476 3170 617 3245 Boeotis,
639 3170 733 3230 sociis
752 3172 880 3246 nostris,
903 3178 1052 3231 secretam
1075 3168 1212 3245 tibiipsi

235 3249 421 3325 societatem,
437 3268 529 3327 quam
543 3268 604 3313 non
618 3253 736 3326 licebat,
751 3254 943 3314 iureiurando
963 3253 1120 3330 pepigisti:
1134 3252 1212 3313 The·

235 3333 333 3395 banos
348 3335 481 3410 legatos,
495 3335 641 3397 Euersam
656 3344 687 3397 et
701 3336 898 3413 Callicritum,
913 3339 1071 3398 venientes
1087 3335 1210 3399 anobis
1317 3334 1318 3393 ἶ

236 3434 383 3493 quaerere
400 3420 480 3479 malo
496 3419 565 3494 quis
579 3420 763 3480 interfecerit
777 3437 869 3497 quam
882 3438 1020 3498 arguere.
1047 3423 1077 3482 in
1088 3420 1212 3481 Aetolia
1317 3424 1318 3429 ’

236 3502 346 3563 bellum
361 3502 535 3564 intestinum
548 3509 579 3563 et
597 3503 710 3564 caedes
728 3503 899 3581 principum
912 3522 970 3581 per
987 3521 1067 3581 quos
1082 3505 1141 3565 nisi
1154 3519 1211 3580 per
1317 3532 1318 3559 r
