2642 4017
247 292 309 357 luo
409 289 525 351 LIBER
538 288 628 349 XLII.
650 287 734 348 cnP.
749 296 776 353 I·
787 294 814 350 8·
826 295 853 350 9.
876 294 913 361 [a.
924 292 960 346 U.
972 311 996 346 c.
1009 294 1072 360 5⁷9]

247 445 393 524 pervicax
408 443 520 504 multos
535 440 751 516 absumpserat
763 438 921 515 LIgumm‚
937 439 1011 500 etin
1027 439 1099 515 iuga
1114 443 1235 516 passim

247 528 330 591 caesi
350 534 430 589 sunt
464 526 572 587 decem
591 522 675 583 mnia
693 521 851 584 homiuum
865 538 958 584 caesa
971 523 1146 597 traduntur,
1168 540 1233 586 am-

246 614 329 690 plius
344 606 530 687 septingenti
543 607 661 684 passim
676 607 767 682 capti,
782 607 871 682 stgna
884 607 1024 668 militaria
1038 608 1135 669 relata
1146 617 1232 670 octo-

246 697 330 773 ginta
344 695 417 756 duo.
449 707 507 753 nec
521 692 681 753 incruenta
694 689 823 752 victoria
838 690 909 752 iuitr
930 690 1061 767 amplius
1077 691 1133 753 tria
1147 691 1235 753 milia

246 780 372 841 militum
386 777 517 849 amissa,
535 791 604 836 cum
620 773 801 835 cedentibus
816 774 931 835 neutris
947 789 987 835 ex
1001 781 1088 850 parte
1101 780 1234 850 utraque
1315 810 1316 815 κ

246 864 398 939 primores
419 860 573 920 caderent.
602 857 683 918 VIII.
713 858 885 933 posthanc
904 873 1040 934 pugnam
1054 873 1094 918 ex
1108 858 1234 921 diversa
1281 934 1286 943 .
1315 880 1316 883 ¹

246 948 320 1023 iuga
340 946 371 1005 In
392 958 487 1004 uuum
509 941 628 1003 collecti
641 941 786 1015 Ligures,
808 956 877 1002 cum
891 939 1037 1003 maiorem
1051 943 1145 1002 multo
1160 958 1232 1018 par·

245 1037 307 1091 tem
333 1026 444 1088 ciuium
468 1026 615 1087 amissam
642 1041 734 1100 quam
756 1040 924 1101 superesse
949 1031 1232 1086 cernerent—nec

246 1110 327 1173 enim
338 1113 408 1186 plus
421 1109 528 1169 decem
538 1108 620 1169 milia
630 1106 785 1168 hominum
797 1116 945 1185 erant—,
956 1108 1140 1170 dediderunt
1149 1124 1231 1185 sese,

247 1195 321 1257 nihil
343 1192 467 1268 quidem
488 1192 530 1253 illi
547 1192 643 1268 pacti:
673 1199 875 1267 speraverant
890 1199 990 1255 tamen
1011 1209 1073 1254 non
1094 1193 1229 1254 nuncius

248 1295 340 1355 quam
355 1276 533 1352 superiores
548 1276 749 1350 imperatores
763 1276 922 1338 consulem
937 1275 967 1335 in
982 1291 1018 1336 se
1033 1276 1231 1338 saeviturum.

247 1369 278 1423 at
290 1362 342 1423 ille
355 1375 441 1421 arma
454 1360 595 1420 omnibus
612 1358 740 1433 ademit,
755 1358 903 1436 oppidum
919 1358 1018 1433 dIruit,
1033 1359 1122 1435 ipsos
1135 1360 1219 1422 bona

247 1462 308 1523 que
328 1460 434 1505 eorum
454 1443 609 1512 vendidit;
631 1443 809 1518 litterasque
832 1442 951 1506 senatui
974 1443 1013 1504 de
1028 1444 1123 1504 rebus
1140 1444 1178 1504 ab
1194 1459 1229 1505 se

246 1528 342 1606 gestis
357 1527 446 1588 misit.
470 1542 548 1601 quas
564 1541 633 1587 cum
643 1526 681 1586 A.
692 1525 804 1588 Atilius
819 1531 943 1602 praetor
959 1525 989 1586 in
1005 1525 1090 1589 curia
1103 1528 1228 1588 recitas-

246 1619 425 1675 set-nam
447 1612 556 1672 consul
575 1610 651 1670 alter
667 1608 842 1671 Postumius
863 1609 946 1685 egris
966 1611 1228 1685 recognoscendis

245 1695 277 1755 in
292 1693 458 1769 Campania
472 1697 641 1769 occupatus
656 1691 763 1753 aberat
773 1727 829 1768 -,
846 1699 933 1753 atrox
946 1708 998 1754 res
1019 1693 1087 1753 visa
1101 1694 1229 1770 senatui,

246 1777 435 1852 Statellates,
456 1774 509 1851 qui
528 1777 581 1837 uni
596 1792 635 1837 ex
649 1776 795 1851 Ligurum
809 1783 900 1851 gente
915 1793 975 1838 non
991 1777 1134 1839 tulissent
1146 1794 1230 1838 arma

245 1862 397 1922 adversus
412 1862 578 1935 Romanos,
592 1866 655 1920 turn
672 1875 798 1936 quoque
812 1867 1008 1936 oppugnatos
1019 1877 1082 1921 non
1093 1863 1173 1923 ultro
1185 1860 1228 1921 in-
1317 1916 1318 1929 ,

247 1945 378 2007 terentes
389 1943 518 2019 bellum,
535 1943 655 2005 deditos
670 1944 701 2003 in
717 1944 809 2004 iidem
824 1944 929 2021 populi
944 1944 1074 2005 Romani
1089 1944 1172 2006 omni
1184 1948 1228 2006 ul·
1317 2010 1319 2021 ,

244 2029 336 2090 burae
357 2028 545 2090 crudelitatis
566 2029 709 2101 exemplo
724 2029 875 2088 laceratos
890 2043 927 2088 ac
941 2027 1060 2089 deletos
1075 2045 1163 2102 esse,
1185 2035 1230 2091 tot

243 2111 327 2174 milia
349 2111 484 2189 capitum
504 2109 713 2184 innoxiorum,
735 2110 826 2170 iidem
840 2110 1033 2188 implorantia
1046 2111 1155 2188 populi
1168 2113 1229 2174 Ro-

245 2196 336 2272 mani,
351 2212 391 2257 ne
407 2197 476 2272 quis
487 2210 633 2271 umquam
646 2210 682 2256 se
692 2199 803 2271 postea
814 2195 929 2257 dedere
940 2196 1076 2272 auderet,
1090 2196 1227 2272 pessimo

245 2280 388 2356 exemplo
413 2280 553 2353 venisse,
579 2285 609 2340 et
629 2280 793 2341 distractos
819 2280 937 2355 passim
961 2277 1050 2340 iustis
1073 2280 1228 2356 quondam

243 2362 385 2425 hostibus
400 2365 506 2440 populi
521 2363 650 2424 Romani
665 2369 793 2438 pacatos
806 2363 931 2424 servire.
955 2378 1032 2439 quas
1044 2364 1084 2426 ob
1097 2380 1148 2425 res
1163 2364 1227 2439 pla·

245 2462 315 2508 cere
329 2447 449 2507 senatui
459 2447 499 2505 M.
511 2445 672 2520 Popillium
687 2447 845 2506 consulem
856 2445 984 2522 Ligures
999 2448 1098 2522 pretio
1111 2453 1228 2522 empto-

243 2531 329 2591 ribus
349 2528 470 2588 reddito
491 2530 578 2603 ipsos
598 2528 760 2588 restituere
779 2527 810 2587 in
830 2529 1015 2606 libertatem,
1038 2533 1180 2608 bonaque
1194 2537 1228 2593 ut

242 2613 297 2687 ils,
324 2608 473 2687 quidquid
499 2609 569 2670 eius
591 2611 758 2685 reciperari
778 2610 892 2687 possit,
916 2614 1085 2676 reddantur
1105 2629 1227 2675 curare:

242 2710 328 2754 arma
343 2709 469 2770 quoque
482 2694 627 2769 adempta
639 2693 763 2765 relerri3
784 2710 842 2755 nec
854 2704 924 2758 ante
935 2700 1095 2760 consulem
1106 2700 1145 2760 de
1155 2714 1226 2773 pro·

242 2778 343 2839 vincia
358 2776 510 2838 decedere
526 2793 618 2853 quarn
633 2777 755 2839 deditos
769 2775 800 2839 in
815 2780 921 2841 sedem
936 2797 1024 2841 suam
1036 2783 1164 2858 Ligures
1179 2796 1226 2841 re

243 2861 401 2923 stituisset.
436 2861 548 2922 claram
563 2859 722 2923 victoriam
740 2862 893 2924 vincendo
909 2873 1141 2940 oppugnantes,
1163 2881 1225 2926 non

242 2945 410 3006 saeviendo
425 2945 456 3006 in
471 2944 614 3007 adflictos
630 2945 704 3006 fieri
733 2947 783 3007 lx.
806 2948 915 3007 consul
930 2963 992 3023 qua
1005 2948 1122 3009 ferocia
1136 2947 1226 3009 animi

241 3044 318 3090 usus
340 3035 405 3090 erat
424 3029 455 3089 in
469 3029 648 3106 Liguribus,
670 3030 778 3090 eadem
793 3029 831 3090 ad
847 3047 909 3091 non
924 3032 1095 3107 parendum
1108 3032 1226 3094 senatui

241 3112 306 3173 init.
329 3110 503 3188 legionibus
518 3114 674 3189 extemplo
688 3111 777 3175 Pisas
791 3115 822 3174 in
836 3113 1034 3184 hibernacula
1048 3115 1152 3177 missis
1166 3114 1225 3176 Ira-

239 3203 290 3258 tus
311 3195 465 3271 patribus,
487 3197 617 3258 infestus
639 3198 774 3272 praetori
787 3198 916 3258 Romam
935 3198 1031 3270 redit;
1053 3205 1226 3274 senatuque
1318 3256 1319 3263 ,

242 3279 397 3357 extemplo
418 3281 458 3340 ad
474 3280 582 3340 aedem
596 3280 743 3341 Bellonae
756 3287 884 3357 vocato,
904 3283 1007 3344 multis
1022 3283 1127 3344 verbis
1141 3282 1224 3343 inve·

241 3370 309 3426 ctus
324 3370 373 3426 est
386 3363 417 3423 In
430 3369 615 3439 praetorem,
631 3362 685 3438 qui
700 3379 768 3425 curn
784 3365 824 3425 ob
838 3380 903 3425 rem
916 3366 998 3427 bello
1012 3366 1092 3427 bene
1106 3372 1225 3440 gestam

240 3450 284 3509 uti
298 3447 357 3510 diis
372 3444 593 3509 immortalibus
607 3445 709 3508 honos
723 3447 888 3508 haberetur
899 3449 1015 3509 reterre
1029 3449 1070 3510 ad
1084 3454 1225 3509 senatum
1318 3516 1319 3523 χ

155 3524 164 3535 “
240 3532 413 3609 debuisset,
429 3531 585 3593 adversus
607 3545 642 3591 se
661 3545 719 3606 pro
740 3529 881 3592 hostibus
902 3539 1027 3594 senatus
1050 3533 1223 3594 consultum
