2642 4017
507 228 715 277 FRAGMENTA.
1047 243 1105 287 xm

122 383 180 432 niis.
209 379 342 447 Significat
361 385 445 428 autem
463 379 497 428 M.
511 378 656 429 Ciceronem
676 386 700 428 et
718 378 745 428 C.
759 377 901 439 Caesarem,
917 396 1023 442 quorum
1042 379 1105 431 alter

123 451 228 515 landes,
255 449 319 498 alter
340 447 539 512 vituperationes
563 461 640 512 supra
662 447 724 497 dicti
746 447 847 511 scripsit
869 449 925 498 viri.
957 450 1103 514 chroupm.

123 521 194 570 Prot
213 518 255 569 lib
276 516 315 566 II
336 517 361 565 tn
380 516 499 565 Hoseam

484 578 563 633 *Ea
580 583 622 633 lib.
643 583 742 634 CXVI.

174 660 209 711 tn)
219 638 273 701 Ην
288 641 339 730 peip
352 667 379 700 τι
394 667 426 731 τη
415 650 580 715 Καισαρος
589 644 667 720 οἰκίᾳ
681 647 892 732 προσκείμενον,
903 644 965 700 οἷον
978 641 1025 701 ἐπὶ
1041 645 1104 702 κόσ·

123 738 166 807 pqr
176 715 225 770 κα1
235 714 380 803 σεμνότητι
387 735 437 784 της
446 717 549 789 βουλῆς
558 700 759 785 ψηφισαμένης
767 709 953 802 οἲκρωτηριον,
962 712 1000 777 ὡς
1008 719 1105 803 Λίβιος

125 785 238 853 saccari.
256 782 375 839 Tacito*
359 804 427 854 οναρ
443 789 656 873 qKairrcupvlot
669 782 1019 909 θεασαμένηκαταρᾇην’
1040 804 1104 839 sucu

124 855 203 921 ἔδοξε
219 856 390 909 ποτνιᾶσθαι
408 854 456 909 καὶ
474 849 618 940 δακρύειν
622 844 836 939 ἡμέραςθοον
849 856 1002 943 γενομένης
1029 857 1104 909 θεῖτο

123 942 173 980 τον
160 925 336 1009 Καίσαρος,
354 922 380 978 sl
393 920 444 992 μὲν
461 918 524 978 οἷόν
537 941 579 989 τε,
593 919 631 993 μὴ
652 927 818 994 προελθεῖν,
837 920 895 978 citt*
913 920 1105 997 ἀναβαλέσθαι

123 989 354 1120 τὴνῗσύγκλητον.
380 998 508 1048 Plutarch
529 999 602 1049 Caes
622 1014 678 1063 cap.
695 996 738 1051 63.
757 1000 797 1063 Cf
811 998 961 1050 arautem.
978 999 1103 1063 Supplem.

124 1085 138 1118 c
162 1068 179 1120 4

174 1143 209 1194 11)
229 1137 323 1187 ΜοΙοιιι
337 1151 411 1187 omen
422 1144 469 1196 est,
488 1137 605 1199 quotiens
617 1136 707 1197 Aetna,
726 1152 799 1187 mons
811 1136 921 1199 Siciliae,
934 1152 984 1188 non
997 1137 1105 1197 sumum,

124 1208 170 1257 sed
180 1207 337 1256 flammarum
353 1207 434 1272 egerit
445 1205 550 1271 globos:
571 1212 603 1268 et,
619 1212 647 1254 ut
661 1205 722 1256 (licit
730 1207 826 1267 Livius
845 1215 914 1258 tanta
930 1207 1030 1257 flamma
1047 1214 1104 1257 ante

124 1283 230 1326 mortem
249 1275 364 1327 Caesaris
387 1290 420 1324 ex
437 1275 520 1323 Aetna
534 1282 619 1323 monte
638 1274 755 1335 delituit,
782 1283 808 1325 ut
827 1291 876 1327 non
893 1283 988 1325 tantum
1006 1277 1105 1326 vicinae

124 1346 213 1405 urbes,
237 1345 284 1395 sed
305 1345 381 1393 etiam
399 1342 498 1407 Regina
514 1344 618 1405 civitas,
644 1357 709 1404 qnae
725 1342 802 1393 multo
820 1345 903 1410 spatio
922 1345 954 1394 ab
973 1343 1103 1405 eastimet,

126 1413 268 1463 sdiiaretnr
296 1412 368 1462 Sero.
388 1412 425 1460 ad
445 1413 535 1476 Virpr'l.
554 1411 644 1475 Georp.
666 1409 690 1476 I,
706 1408 766 1462 ttt.

176 1487 211 1537 18)
232 1480 304 1562 Quod
322 1481 355 1530 de
372 1477 478 1530 Caesare
494 1480 589 1528 maiore
603 1479 680 1544 vulgo
699 1480 841 1529 dictitatum
859 1486 905 1539 est,
923 1488 947 1528 et
965 1479 1021 1529 ιιΤ.
1032 1480 1105 1529 Livio

126 1550 253 1615 positum,
274 1551 302 1598 in
317 1549 411 1598 incerto
430 1562 487 1597 esse
504 1554 588 1597 atmm
605 1547 675 1597 illum
692 1548 774 1614 magis
791 1548 862 1599 nasci
877 1548 1031 1613 reipublicae
1047 1563 1105 1614 pro-

126 1618 210 1678 fuerit,
224 1632 256 1666 an
269 1633 319 1668 nou
331 1617 410 1676 nasci,
422 1616 473 1666 dici
485 1617 561 1665 etiam
572 1616 605 1666 de
615 1617 699 1666 ventis
711 1623 802 1682 potest.
820 1615 919 1667 Seneca
931 1617 989 1669 Nat.
1002 1617 1103 1679 Quaest.

132 1688 164 1745 V,
179 1683 220 1738 18.
250 1685 289 1750 Cf.
304 1684 456 1736 aretatem.
468 1684 592 1748 Supplem.
607 1698 666 1747 cap.
682 1684 740 1738 116.

488 1762 534 1812 Ea
550 1762 592 1813 tta
614 1762 743 1813 CXVIII

175 1836 210 1887 111)
229 1830 360 1881 Adversus
376 1831 549 1882 interfectores
568 1830 595 1881 C.
610 1830 725 1882 Caesaris
742 1830 866 1882 ultoribus
883 1845 985 1881 manum
1004 1846 1105 1897 compa-

127 1913 185 1947 rans
209 1899 330 1949 concibat
362 1901 488 1951 Prr'aclorr.
509 1900 623 1951 tto.1x
646 1915 674 1964 p.
693 1898 754 1953 865
778 1900 819 1950 ed
838 1899 938 1950 Puteoli.
963 1901 1020 1950 Vol
1037 1899 1060 1949 I
1076 1915 1104 1962 p.

127 1963 187 2018 458.
206 1968 247 2019 ed.
264 1968 353 2019 Kreltl.

496 2034 575 2087 *Ex
593 2038 635 2088 lib.
654 2037 735 2087 CXX.

177 2110 212 2162 111)
233 2105 267 2155 M.
287 2104 372 2157 Cicero
394 2107 441 2156 sub
465 2107 600 2158 adveutum
623 2107 812 2157 triumvirorum
834 2111 944 2156 cesserat
960 2105 1036 2164 urbe,
1060 2119 1106 2170 pro

128 2180 195 2224 certo
212 2173 318 2236 habens,
337 2176 363 2225 id
382 2175 528 2239 quoderat,
545 2191 596 2227 non
605 2177 688 2240 magis
700 2177 810 2226 Antonio
824 2174 886 2240 eripi
900 2189 938 2234 se,
958 2188 1033 2237 quam
1046 2172 1106 2224 Cae·

127 2244 177 2292 sari
195 2241 310 2293 Cassium
328 2252 353 2293 et
370 2244 487 2305 Brutum,
504 2259 588 2309 posse.
617 2246 700 2311 primo
718 2247 744 2296 in
763 2243 933 2294 Tusculanum
952 2242 1031 2309 fugit,
1048 2242 1107 2292 iude

127 2313 282 2361 transversis
298 2313 429 2363 itineribus
449 2313 474 2363 ia
491 2315 667 2373 Formianum,
686 2320 714 2363 ut
731 2316 762 2364 ab
780 2312 867 2364 Caieta
884 2312 968 2362 navim
986 2324 1107 2361 conscen-

127 2395 212 2446 surus,
229 2381 406 2446 proficiscitur.
429 2384 497 2433 unde
515 2383 666 2446 aliquotiens
677 2384 704 2432 in
715 2382 795 2433 altum
804 2390 953 2447 provectum
965 2396 1022 2431 cum
1031 2381 1107 2431 modo

127 2451 195 2500 venti
213 2451 314 2501 adversi
332 2452 491 2513 retulissent,
517 2453 616 2504 modo'
609 2466 665 2518 rpse
682 2454 843 2503 iactationem
859 2452 945 2511 naris,
964 2465 1039 2500 caeco
1055 2448 1108 2499 vol

127 2526 201 2569 vente
220 2520 305 2582 linctu,
322 2522 377 2587 pati
395 2535 445 2571 non
461 2530 557 2587 posset,
574 2522 687 2572 taedium
705 2522 807 2572 tandem
825 2535 882 2571 enm
895 2529 919 2569 et
938 2518 1014 2585 lagae
1029 2524 1054 2568 et
1070 2519 1109 2569 vi-

129 2597 169 2638 tae
192 2589 274 2653 cepit:
296 2604 479 2672 regressusque
502 2592 536 2641 ad
556 2592 715 2673 superiorem
739 2589 842 2650 villam,
863 2604 927 2652 qaae
951 2587 1029 2655 paulo
1049 2585 1108 2653 plus

128 2656 198 2705 mille
213 2658 333 2721 passibus
351 2674 367 2708 a
383 2661 447 2708 mari
466 2660 551 2720 abest,
568 2660 684 2719 Moriar,
704 2661 794 2725 inquit,
813 2659 943 2721 lupatria
960 2672 1037 2721 saepe
1054 2673 1109 2707 aer·

128 2731 197 2775 cala
222 2726 284 2774 satis
301 2735 399 2777 constat
416 2742 504 2776 servos
522 2728 621 2778 fortiter
636 2727 794 2790 fideliterque
812 2735 914 2792 paratos
932 2724 1011 2776 fuisse
1027 2726 1060 2776 ad
1070 2727 1109 2776 di-

129 2792 289 2855 micaadnm3
313 2794 396 2876 ipsum
415 2796 508 2858 deponi
524 2795 648 2856 lecticam,
667 2804 691 2846 et
709 2798 809 2859 quietos
826 2796 888 2859 pati,
907 2796 976 2858 quod
992 2809 1048 2845 sors
1060 2796 1109 2844 ini·

130 2875 181 2925 qua
197 2862 331 2926 cogeret,
324 2863 439 2912 iussisse.
468 2865 620 2927 prominenti
633 2880 666 2914 ex
683 2863 772 2914 lectica
784 2864 984 2927 praebentique
978 2873 1109 2913 immotam

130 2930 254 2980 cervicem
273 2939 349 2994 caput
370 2931 514 2996 praecisum
532 2938 578 2981 est.
608 2947 655 2982 nec
669 2933 733 2983 satis
756 2930 864 2982 stolidae
887 2931 1027 2982 crudelitati
1045 2932 1110 2982 mili·

131 3008 185 3048 tum
203 2998 259 3049 luit.
294 3013 384 3049 munus
406 3015 520 3064 quoque,
546 3000 681 3065 scripsisse
702 3002 728 3049 in
747 3001 884 3049 Antonium
908 3000 1005 3064 aliquid
1021 3016 1110 3066 expro-

131 3070 247 3127 brantes,
271 3069 456 3132 praeciderunt.
488 3070 524 3119 ita
541 3069 648 3118 relatam
671 3076 747 3134 caput
764 3069 798 3118 ud
813 3068 964 3130 Antonium,
988 3071 1110 3132 iussuque

131 3137 186 3187 eius
203 3135 268 3186 inter
281 3138 346 3188 duas
363 3153 452 3189 manus
464 3138 490 3187 in
503 3139 603 3188 Rostris
614 3138 741 3203 positnm3
760 3138 804 3187 ubi
816 3137 858 3188 ille
870 3137 966 3198 consul,
980 3139 1023 3188 ubi
1033 3152 1110 3202 saepe

131 3205 282 3267 consularis,
300 3208 345 3257 ubi
363 3223 393 3259 eo
412 3210 468 3274 ipso
486 3222 553 3257 anno
567 3206 690 3257 adversus
701 3208 847 3266 Antonium,
867 3215 960 3270 quanta
972 3207 1043 3257 nulla
1055 3221 1110 3255 urn-

131 3291 207 3340 qaam
222 3275 332 3326 humana
350 3293 408 3338 vox,
428 3292 485 3327 cum
498 3277 664 3327 admiratione
675 3276 832 3340 eloquentiae
844 3278 945 3327 auditus
959 3276 1049 3326 1οοιο1
1066 3275 1111 3323 vix

131 3344 275 3395 attollentes
298 3360 359 3411 prae
376 3347 488 3397 lacrimis
506 3344 594 3397 oculos
612 3344 752 3395 homines
745 3345 849 3396 intueri·
847 3347 979 3396 trucidata
998 3341 1111 3393 membra

132 3413 186 3463 eius
202 3421 328 3479 poterant.
361 3417 424 3465 vixit
440 3424 491 3466 tres
509 3423 533 3464 et
548 3415 682 3480 sexaginta
697 3429 791 3476 annos,
817 3422 858 3473 at,
882 3417 904 3464 si
922 3415 959 3463 ris
978 3410 1110 3473 abluisset,

131 3497 164 3531 ne
181 3483 314 3533 immatura
336 3485 438 3548 quidem
457 3498 525 3535 mors
548 3484 627 3533 videri
645 3485 739 3549 possit.
762 3484 892 3551 ingenium
911 3489 935 3531 et
953 3479 1071 3545 operibus
1087 3484 1113 3528 et
