2642 4017
272 275 469 337 ΕΡΙΤΟΜΑΕ
483 276 687 338 LIBRORUM
701 278 909 340 bvii—uix.
1035 277 1100 342 305

113 425 178 472 dixit,
194 434 266 475 eaque
274 421 348 463 omnia
356 422 440 463 reterre
450 426 592 473 quaestorem
600 425 623 464 ln
631 423 733 475 publicas
742 424 830 466 tabulas
840 426 919 468 lussit:
933 438 962 468 ex
972 429 1032 470 iisse
1043 429 1099 469 viris

113 479 210 520 lortlbss
220 476 279 518 dona
292 475 403 516 daturum.
420 486 469 516 cum
481 475 729 528 undiquellumantlam
736 478 853 520 obsidione
860 479 978 522 clausisset
988 484 1011 521 et
1021 481 1097 523 obses·

113 544 153 576 sos
167 532 225 572 lame
239 529 325 570 rideret
340 529 421 582 urgeri,
436 528 522 578 hostes,
538 531 575 582 qni
590 530 720 582 pabulatum
734 532 843 582 exierant,
859 535 930 574 vetnit
943 534 1022 583 occidi,
1037 534 1098 587 quod

113 587 197 628 diceret
212 584 312 625 velocius
326 593 366 623 eos
379 583 537 635 absumpturos
551 584 655 625 humenti
669 584 730 636 quod
740 584 857 635 haberent,
873 589 893 629 sl
902 586 980 639 plures
994 587 1097 630 luissent·

165 639 243 681 bviii.
267 638 301 678 Ti.
319 636 465 689 Sempronius
486 636 602 679 Gracchus
621 639 723 681 tribunus
742 638 816 692 plebis
834 651 883 681 cum
897 640 969 691 legem
988 642 1096 693 agrariam

113 695 182 735 terret
195 691 304 733 adsersus
318 690 455 731 voluntatem
470 694 563 732 senatus
577 693 600 733 et
614 693 727 744 equestris
741 691 838 744 ordinis,
854 705 882 733 ne
897 695 949 746 quis
963 705 991 735 ex
1007 694 1096 746 publico

113 759 165 800 agro
181 746 233 799 plus
247 755 313 796 quam
328 743 391 785 mille
405 745 483 795 iugera
496 744 629 797 possideret,
644 746 667 784 ln
682 756 730 786 eum
739 745 834 787 furorem
847 748 937 796 exarsit,
952 753 976 789 ut
985 748 1017 788 bi.
1030 747 1095 788 Octa·

113 805 150 842 rio
169 800 269 851 collegae
287 807 376 839 cauum
395 796 498 840 diversae
518 799 589 850 partis
608 797 737 840 detendeutl
757 802 890 852 potestatem
910 802 959 853 lege
973 802 1020 843 lata
1034 803 1096 843 abre·

112 860 187 908 garet,
208 863 278 904 aeque
297 855 320 892 et
334 850 359 893 G.
374 850 498 892 Gracchum
518 852 608 892 tratrem
627 855 649 892 et
664 855 706 905 Ap.
722 852 839 894 claudium
853 865 954 897 socerum
969 856 1097 897 triumviros

112 908 142 950 ad
162 905 305 948 dividendum
325 915 402 956 agrum
421 908 514 946 crearet.
540 904 690 958 promulgavit
708 910 731 947 et
744 908 812 948 sliam
826 907 897 960 legem
912 911 1032 961 agrariam.
1052 920 1097 961 qua

112 964 156 1006 sibl
176 962 246 1003 latius
265 969 341 1010 agrum
356 959 504 1012 patefaceret,
525 963 549 999 ut
564 959 633 1001 iidem
652 960 762 1002 triumviri
776 960 912 1011 iudicarent,
935 973 979 1014 qua
992 962 1096 1014 publicus

112 1025 177 1067 ager,
200 1024 245 1065 qua
263 1015 365 1066 privatus
386 1015 456 1055 esset.
476 1013 557 1054 deinde
576 1025 626 1054 cum
645 1015 719 1055 minus
732 1016 779 1066 agri
794 1019 855 1056 esset
870 1026 935 1067 quam
950 1015 1010 1067 quod
1026 1015 1096 1058 dividi

113 1073 192 1122 posset
206 1068 255 1109 siue
275 1068 358 1109 oliensa
377 1067 445 1108 etlam
459 1066 545 1119 plebis,
566 1067 670 1119 quoniam
684 1079 724 1110 eos
737 1068 766 1108 ad
781 1069 925 1121 cupiditatem
939 1071 1036 1123 amplum
1049 1081 1094 1110 mo·

113 1122 165 1163 dum
183 1120 287 1174 sperandi
305 1121 448 1170 incitaverat,
472 1122 543 1172 legem
561 1133 587 1163 se
605 1122 793 1175 promulgaturum
812 1123 924 1172 ostendit,
950 1125 1030 1172 utils,
1056 1120 1095 1176 qul

113 1177 246 1227 Sempronia
263 1173 313 1225 iege
331 1183 406 1226 agrum
421 1174 523 1227 accipere
538 1174 655 1224 deberent,
676 1178 771 1227 pecunia
785 1187 842 1228 quae
855 1180 916 1229 regis
929 1177 999 1218 Attali
1014 1176 1096 1218 luisset

113 1229 257 1271 divideretur.
272 1226 376 1268 heredem
390 1232 464 1269 autem
478 1228 584 1281 populum
597 1229 719 1271 Romanum
733 1231 856 1283 reliquerat
869 1231 970 1279 Attalus,
986 1241 1027 1271 rex
1041 1232 1094 1271 Per·

112 1284 182 1337 gaml‚
203 1282 309 1324 Eumenis
327 1280 395 1323 tillus.
419 1284 452 1322 tot
471 1281 640 1334 indignitatibus
659 1288 782 1325 commotus
801 1285 899 1336 graviter
913 1287 1016 1333 senatus,
1042 1287 1094 1324 aute

111 1348 191 1380 omnes
209 1337 233 1376 Τ.
254 1335 340 1376 Annius
358 1334 494 1385 consularis,
514 1338 553 1388 qul
575 1347 625 1377 cum
643 1338 666 1377 ln
685 1341 765 1379 senatu
779 1339 802 1378 ln
821 1336 946 1379 Gracchum
959 1341 1093 1389 perorasset,

111 1395 190 1443 raptus
203 1391 232 1430 ab
247 1401 273 1430 eo
287 1389 316 1429 ad
331 1390 439 1442 pupulum
453 1388 587 1442 delatusque
602 1390 674 1442 plebi,
695 1402 773 1433 rursus
793 1392 815 1431 ln
830 1402 879 1431 eum
890 1402 933 1483 ffw
949 1391 1028 1432 rustris
1042 1401 1093 1430 con·

112 1447 212 1486 tlonatus
226 1445 268 1484 est.
287 1454 336 1483 cum
351 1445 430 1484 iterum
445 1443 548 1484 tribunus
562 1442 635 1495 plebis
649 1445 719 1486 creari
734 1444 805 1485 vellet
820 1443 889 1485 Gracc
907 1455 945 1491 us,
965 1447 1056 1484 auctore
1069 1443 1089 1483 P.

112 1498 217 1542 Cornelio
230 1496 313 1538 Nasica
327 1498 349 1536 ln
365 1496 476 1549 capitolio
490 1497 517 1538 ab
532 1497 678 1549 optimatibus
692 1498 781 1539 occisus
796 1499 839 1546 est,
855 1498 913 1539 lctus
927 1499 1021 1549 primum
1036 1497 1091 1547 trag·

111 1553 192 1594 mentis
205 1551 376 1599 subselliorum,
391 1554 414 1590 et
427 1549 486 1591 inter
500 1550 568 1600 allos,
584 1551 660 1601 quiin
675 1550 752 1592 eadem
766 1549 878 1593 reditione
891 1552 959 1592 occisi
974 1554 1046 1600 erant,
1062 1551 1092 1589 in-

111 1604 215 1659 sepultus
229 1606 252 1644 ln
266 1603 346 1645 humen
361 1606 481 1656 proiectus.
501 1614 538 1646 res
551 1606 667 1656 praeterea
681 1607 703 1645 ln
717 1603 796 1646 sicllia
815 1605 876 1645 racio
890 1609 972 1645 eventu
986 1603 1095 1647 adversus

111 1661 220 1714 fugitivos
233 1660 310 1711 gestas
325 1658 432 1699 continet.

163 1712 221 1754 1le.
241 1710 371 1753 Numantini
388 1711 447 1752 lame
461 1710 532 1750 coacti
551 1711 557 1749 l
575 1710 595 1751 ai
609 1720 635 1751 ae
650 1720 690 1762 per
703 1710 774 1749 uicem
788 1710 903 1751 tradentes
920 1711 1093 1758 trucidaverunt,

110 1771 199 1819 captam
213 1767 288 1806 urbem
303 1765 380 1817 Scipio
395 1764 513 1806 Africanus
528 1721 613 1803 deflevit
627 1767 649 1803 et
665 1762 693 1803 de
708 1773 734 1803 ea
748 1762 899 1816 triumphavit,
916 1763 1093 1816 quartodecimo

108 1832 167 1862 anuo
181 1822 233 1872 pust
247 1817 404 1870 carthaginem
419 1816 523 1859 deletam.
545 1817 570 1857 Ρ.
583 1816 617 1858 liu
635 1816 688 1857 ilius
702 1817 780 1858 consul
799 1818 822 1857 ln
838 1817 979 1859 sulliacum
994 1817 1093 1870 lugltlvla

109 1874 240 1915 debellavit.
255 1874 395 1915 Aristonicus
410 1871 470 1922 regis
480 1871 587 1912 Eumeuls
601 1828 661 1913 ufius
671 1871 746 1912 Asiam
757 1872 883 1924 occupauit,
898 1882 948 1913 cum
959 1875 1093 1915 testamento

109 1928 179 1971 Attali
199 1938 222 1967 re
238 1927 258 1968 ls
277 1927 350 1979 legata
370 1924 452 1978 populo
471 1924 570 1966 llomuno
591 1924 661 1966 libera
680 1935 731 1966 csse
751 1923 849 1965 deberet.
868 1925 977 1967 adversus
996 1937 1045 1965 eum
1066 1926 1091 1966 P.

109 1981 208 2024 Licinius
222 1939 318 2023 {ramus
332 1978 421 2028 consul,
437 1989 486 2019 cum
501 1977 558 2018 idem
573 1976 675 2028 pontifex
687 1979 797 2019 maximus
811 1982 884 2028 esset,
900 1979 961 2030 quod
975 1990 1092 2030 numquam

109 2038 176 2076 antea
191 2034 272 2075 lactum
287 2038 341 2083 erat,
357 2037 421 2074 extra
435 2031 521 2073 italiam
536 2030 655 2084 proiectus,
672 2031 757 2083 proelio
772 2033 846 2073 victus
860 2036 883 2072 et
897 2035 987 2073 occisus
1002 2035 1044 2073 eat.
1059 2033 1090 2073 ill.

109 2089 222 2140 Perperna
235 2086 314 2129 consul
326 2088 409 2127 uictum
423 2086 572 2127 Aristonicum
591 2086 614 2125 ln
629 2083 764 2126 deditionem
778 2086 872 2137 accepit.
892 2084 921 2130 G.
936 2085 1056 2137 Pompeius
1070 2091 1093 2125 et

109 2142 138 2185 0.
153 2139 272 2189 bletellus,
290 2142 344 2180 tunc
360 2142 452 2193 primum
467 2143 555 2189 utrique
569 2149 598 2180 ex
617 2138 683 2191 plebe
696 2137 749 2178 lacti
764 2148 882 2186 censores,
903 2138 998 2180 lustrum
1017 2139 1092 2179 condi·

110 2197 203 2246 perunte
224 2203 291 2234 censa
309 2196 362 2234 suut
381 2193 462 2233 civium
483 2194 556 2246 cap1ta
575 2195 675 2233 trecenta
694 2192 851 2245 septemdecim
871 2191 945 2239 milia,
965 2192 1093 2243 octingenta

111 2249 190 2300 viginti
204 2247 254 2296 tris,
270 2249 358 2297 praeter
372 2244 472 2299 pupillos
486 2249 509 2286 et
523 2245 610 2288 viduas.
624 2245 652 2289 G.
669 2245 776 2287 Meteilus
790 2254 870 2287 censor
884 2245 977 2293 certauit,
993 2249 1017 2285 ut
1028 2257 1091 2297 coge·

110 2305 187 2344 rentur
202 2309 278 2341 omnes
293 2300 374 2340 ducere
388 2310 471 2340 uxores
486 2300 604 2342 liberorum
618 2298 762 2340 creandorum
777 2310 852 2341 causa.
868 2301 943 2341 exstat
956 2300 1026 2339 oratio
1036 2300 1092 2350 elus,

109 2367 176 2409 quam
189 2356 303 2406 Augustus
318 2352 412 2401 Caesar,
431 2363 480 2393 cum
498 2354 526 2394 de
540 2353 671 2394 maritandis
684 2353 801 2394 ordinibus
815 2355 903 2405 ageret,
922 2352 985 2393 velut
1000 2353 1021 2392 ln
1036 2352 1091 2394 baec

109 2414 209 2462 tempora
228 2408 331 2460 scriptam
351 2409 373 2449 ln
394 2410 473 2449 senatu
487 2408 597 2448 recitavit.
619 2408 645 2450 c.
664 2408 753 2450 Attnlus
767 2407 840 2448 babeo
856 2406 958 2448 tribunus
974 2405 1046 2458 plebia
1062 2407 1091 2451 G.

110 2463 225 2505 bietellum
239 2473 360 2511 censorem,
375 2470 448 2514 aquo
463 2461 485 2500 ln
500 2465 579 2503 senatu
594 2459 615 2500 le
631 2460 689 2500 endo
703 2461 837 2514 praeteritus
851 2463 905 2509 erat,
922 2459 949 2500 de
963 2471 1018 2502 saxo
1033 2460 1091 2502 deici

110 2517 188 2566 lussltq
225 2515 269 2557 uod
283 2527 312 2557 ne
329 2515 404 2564 lieret,
424 2516 492 2556 ceteri
506 2515 590 2556 tribuni
605 2514 678 2567 pebls
693 2515 776 2557 anxilio
791 2513 887 2555 luerunt.
903 2525 951 2554 cum
966 2514 1038 2555 carbo
1052 2515 1090 2555 trl-

109 2573 182 2613 hunus
196 2570 269 2623 pebls
282 2571 421 2622 rogationem
435 2568 531 2619 tulisset,
548 2571 572 2609 ut
586 2568 680 2609 eundem
695 2569 807 2610 tribunum
821 2567 894 2620 plebi,
909 2569 998 2619 quoties
1012 2567 1089 2617 vellet,

109 2633 185 2664 creare
204 2623 295 2674 liceret,
315 2625 451 2676 rogationem
471 2625 520 2664 eius
535 2622 562 2664 P.
576 2622 694 2663 Atncsuus
707 2623 841 2675 gravissima
855 2622 956 2662 oratione
971 2621 1091 2671 dissuaslts

110 2680 131 2717 in
152 2686 197 2727 qua
216 2675 273 2716 dixit
291 2679 325 2717 Ti.
348 2675 471 2718 Gracchum
490 2678 537 2718 lure
553 2688 641 2719 caesum
656 2675 736 2721 videri.
758 2678 783 2719 c.
801 2676 914 2718 Gracchus
929 2681 1005 2715 contra
1018 2677 1090 2719 suasit

109 2730 258 2780 rogationem:
280 2730 320 2769 sed
339 2729 417 2781 Scipio
437 2733 516 2770 tenuit.
536 2729 597 2769 bella
616 2731 674 2770 inter
692 2729 824 2773 Antiochum
842 2728 921 2782 Syriae
936 2732 959 2769 et
973 2728 1089 2771 Phraatem

110 2780 242 2824 Parthorum
260 2791 334 2831 regem
353 2783 430 2833 gesta,
450 2793 491 2822 nec
510 2784 579 2834 magis
598 2784 688 2834 quietae
701 2794 738 2825 res
752 2784 848 2836 Aegypti
863 2783 995 2824 referuntur.
1014 2784 1089 2825 Ptole·

110 2845 186 2877 maeus
200 2834 323 2884 Euergetes
338 2836 511 2886 cognominatus,
526 2837 554 2874 ob
570 2836 658 2877 nimium
666 2836 820 2878 crudelitatem
832 2838 880 2877 suia
892 2838 985 2885 invisus,
1000 2838 1091 2879 incensa

109 2902 122 2929 ι
138 2887 220 2941 populo
234 2888 295 2938 regia
308 2888 364 2928 clam
379 2887 465 2939 cypron
481 2888 591 2940 profugit3
611 2892 633 2929 et
648 2900 697 2930 cum
711 2890 782 2931 sorori
795 2891 845 2930 elus
859 2890 1003 2941 cleopatrae,
1024 2901 1088 2944 quam

109 2943 155 2984 blla
175 2942 225 2983 elus
244 2941 330 2991 virgine
348 2950 388 2993 per
406 2943 450 2981 vim
465 2951 591 2994 compressa
610 2945 679 2994 atque
692 2944 714 2982 ln
728 2942 890 2984 matrimonium
906 2943 971 2983 ducta
985 2945 1088 2997 repudia·

108 2999 185 3045 verat,
204 3005 296 3047 regnum
310 3006 323 3035 a
337 2994 421 3047 populo
436 2994 511 3035 datum
526 2998 598 3042 esset,
619 2996 720 3038 intensus
734 2996 802 3037 lilium
817 3007 883 3048 quem
897 3007 926 3036 ex
939 2996 979 3037 illa
992 2996 1091 3039 habebat

108 3050 177 3104 Cypri
196 3049 292 3096 occidit,
313 3052 425 3142 caputque
441 3050 490 3091 elus
510 3052 533 3088 et
551 3058 629 3090 manns
648 3052 672 3089 et
682 3049 753 3103 pedes
770 3052 834 3090 matri
849 3049 917 3091 misit.
939 3049 1089 3095 seditionesa

109 3103 232 3146 triumviris
246 3101 324 3143 Fuluio
353 3101 414 3143 lacco
428 3105 451 3143 et
462 3100 489 3143 G.
501 3100 600 3142 Graccho
614 3104 638 3142 et
650 3103 675 3144 G.
686 3103 775 3157 Papirio
786 3102 886 3145 &ibone
900 3113 952 3155 agro
967 3103 1088 3146 dividendo

107 3160 189 3199 creatis
203 3158 326 3205 excitatam
341 3157 423 3208 qulbus
437 3166 486 3196 cum
500 3156 526 3196 Ρ.
539 3155 615 3209 Scipio
628 3155 747 3200 Africanus
760 3156 923 3207 adversaretur,
938 3158 1049 3212 sortisque
1062 3171 1089 3200 ac

107 3211 197 3253 validus
212 3209 240 3251 de
254 3209 291 3250 dle
306 3210 393 3251 domum
406 3220 431 3251 se
446 3211 579 3260 recepisset,
600 3213 701 3253 mortuus
715 3211 737 3251 in
752 3211 855 3252 cubiculo
870 3212 974 3253 iuventus
990 3219 1032 3255 est.
1053 3224 1089 3255 su·

107 3269 186 3318 specta
199 3264 253 3313 tuit,
274 3267 386 3317 tamquam
400 3263 420 3303 ei
435 3274 545 3304 venenum
559 3263 672 3313 dedisset,
691 3264 823 3318 Sempronia
837 3276 904 3314 uxor,
919 3264 971 3306 hinc
985 3267 1088 3315 maxime,

107 3319 168 3371 qnod
182 3328 245 3361 soror
259 3321 321 3359 esset
332 3316 487 3367 Gracchorum,
503 3329 552 3358 cum
561 3317 642 3369 qulbus
656 3318 759 3361 simultas
769 3320 872 3360 Africano
883 3315 964 3359 luerat.
980 3320 1007 3359 de
1018 3323 1088 3359 morte

107 3378 180 3414 tamen
199 3374 248 3414 elus
267 3371 329 3414 nulla
348 3373 451 3423 quaestio
470 3373 527 3412 acta.
547 3383 574 3412 eo
589 3371 694 3413 deiuncto
715 3372 838 3415 seditiones
852 3371 1000 3413 triumvirales
1014 3373 1089 3413 acrius

107 3429 246 3467 exarserunt.
267 3425 292 3467 G.
306 3425 451 3478 Sempronius
465 3425 541 3467 consul
556 3423 665 3469 adsersus
680 3426 774 3479 lapydaa
790 3429 919 3479 primorem
933 3423 990 3465 male
1005 3426 1091 3476 gessit,

108 3491 160 3519 mox
178 3480 271 3520 uictoria
290 3479 376 3520 cladem
395 3481 508 3532 acceptam
528 3479 653 3521 emendavit
672 3481 754 3524 virtute
774 3480 803 3523 D.
819 3480 875 3521 lunii
889 3476 964 3527 Bruti,
984 3480 1033 3520 eius
1047 3480 1087 3528 qui

106 3533 244 3574 Lusitaniam
258 3533 383 3584 subegerat.

149 3606 173 3647 τ.
191 3604 265 3646 ntvu
278 3606 354 3647 raras
368 3591 407 3649 V.
846 3596 880 3647 20
