2642 4017
222 240 265 303 20
362 240 477 301 LIBER
491 240 621 299 XXXIX.
645 239 728 299 CAP.
742 247 786 299 22.
799 246 843 300 23.
867 245 903 311 [a.
915 243 949 296 U.
963 261 987 300 c.
998 244 1062 310 sel]

220 392 312 454 lerius
333 392 442 451 Antias
460 398 509 451 est
528 397 650 452 auctor:
678 398 742 452 tum
762 392 890 452 collatas
912 392 941 451 ei
961 391 1108 467 pecunias
1132 409 1202 454 con-

217 482 425 552 gregatosque
439 490 495 549 per
505 476 612 535 AsIam
627 476 769 549 artifices,
785 481 815 535 et
830 490 960 549 quorum
973 475 1116 535 ludorum
1133 483 1204 551 post

113 603 116 606 r
216 560 338 632 bellum,
354 560 386 618 in
401 575 463 635 quo
477 564 570 619 votos
586 559 716 630 diceret,
731 560 915 619 mentionem
929 575 991 619 non
1007 560 1147 630 fecisset,
1164 561 1204 619 de

195 649 197 654 ⁴
217 643 254 704 iis
270 651 341 718 post
354 644 535 717 legationem
550 642 672 701 demum
686 644 716 701 in
733 648 841 702 senatu
855 649 964 702 aetum.

301 728 405 788 XXIII.
426 726 500 786 Cum
513 724 574 785 iam
587 726 618 784 in
633 726 718 786 exitu
731 742 830 785 annus
845 733 937 799 esset,
953 725 987 799 Q.
1000 726 1135 787 Marcius
1150 726 1203 786 ab·

218 828 291 872 sens
309 812 488 885 magistratu
501 809 638 869 abiturus
654 816 734 879 erat,
757 809 810 884 Sp.
825 807 999 870 Postumius
1015 809 1203 885 quaestioni·

217 897 276 955 bus
303 911 372 954 cum
398 909 517 953 summa
536 893 598 952 lide
620 908 757 966 curaque
781 891 926 967 perlectis
947 892 1069 953 comitia
1087 894 1202 954 habuit

218 979 312 1038 creati
326 985 398 1037 sunt
410 978 556 1038 consules
570 978 630 1052 Ap.
647 977 789 1046 Claudius
803 977 934 1039 Pulcher
945 976 986 1035 Μ.
998 976 1202 1052 Sempronius

217 1063 394 1123 Tuditanus.
415 1067 541 1136 postero
557 1061 606 1119 die
622 1066 780 1135 praetores
794 1060 866 1120 lacti
878 1060 911 1118 P.
924 1060 1081 1120 Cornelius
1094 1061 1203 1122 cethe-

217 1162 276 1221 gus
296 1146 333 1205 A.
354 1144 531 1205 Postumius
551 1142 683 1204 Albinus
706 1143 736 1203 C.
751 1144 896 1203 Afranius
919 1143 1024 1205 Stellio
1046 1143 1077 1203 C.
1092 1145 1203 1204 Atilius

218 1228 370 1290 Serranus
390 1228 423 1287 L.
438 1227 613 1288 Postumius
632 1229 824 1303 Tempsanus
838 1226 878 1287 Μ.
895 1226 1040 1288 claudius
1053 1227 1204 1287 Marcelli-

218 1329 287 1373 nus.
316 1319 453 1372 extremo
468 1311 553 1385 anni,
576 1311 648 1384 quia
665 1310 719 1386 Sp.
733 1311 906 1371 Postumius
926 1312 1033 1372 consul
1048 1310 1204 1371 renuntia-

217 1402 305 1456 verat
318 1401 532 1471 peragrantem
547 1410 582 1453 se
599 1403 727 1469 propter
741 1395 938 1470 quaestiones
953 1401 1118 1469 utrumque
1131 1395 1203 1455 litus
1310 1463 1311 1482 χ

218 1479 323 1540 ltaliae
338 1480 478 1539 desertas
493 1476 631 1540 colonias
646 1477 809 1553 Sipontum
824 1494 954 1553 supero,
971 1478 1143 1538 Buxentum
1157 1478 1204 1538 in-

218 1566 284 1624 iero
305 1564 380 1623 mari
401 1561 572 1635 invenisse,
595 1560 742 1622 triumviri
761 1563 801 1622 ad
822 1564 951 1622 colonos
965 1578 1004 1622 eo
1020 1562 1204 1622 scribendos

219 1664 257 1706 ex
273 1654 398 1707 senatus
421 1646 562 1707 consulto
582 1645 620 1704 ab
635 1646 668 1703 T.
683 1645 804 1706 Maenio
819 1653 963 1720 praetore
976 1645 1093 1706 urbano
1110 1647 1204 1706 creati
1310 1675 1311 1702 l

219 1737 289 1791 sunt
299 1730 332 1789 L.
341 1729 520 1789 Scribonius
532 1730 606 1789 Libo
616 1728 657 1787 Μ.
665 1730 796 1789 Tuccius
808 1731 859 1790 Cn.
871 1728 1006 1789 Baebius
1016 1729 1204 1804 Tamphilus.

304 1814 377 1873 Cum
388 1813 502 1873 Perseo
518 1828 591 1887 rege
607 1820 638 1871 et
648 1813 869 1874 Macedonibus
882 1812 997 1872 bellurn
1012 1814 1096 1887 qnod
1107 1812 1204 1873 immi-

222 1899 327 1968 nebat,
351 1913 413 1957 non
426 1897 510 1957 unde
525 1897 664 1971 plerique
680 1898 857 1970 opinantur,
879 1912 937 1956 nec
951 1897 989 1956 ab
1004 1895 1074 1969 ipso
1089 1897 1204 1957 Perseo
1310 1901 1311 1946 1

217 1998 332 2042 causas
353 1981 449 2055 cepit=
472 1979 615 2040 inchoata
636 1978 720 2038 initia
734 1996 753 2037 a
767 1980 907 2055 Philippo
930 1987 1017 2047 sunt;
1038 1986 1068 2039 et
1084 1981 1111 2039 is
1126 1981 1204 2055 ipse,

220 2065 246 2124 si
261 2064 374 2123 dlutius
388 2064 526 2133 vixisset,
541 2061 574 2120 id
586 2062 700 2120 bellum
714 2062 875 2135 gessisset.
898 2080 959 2123 uua
973 2078 1118 2134 curares,
1134 2079 1205 2124 curn
1310 2057 1311 2118 f

218 2145 300 2205 victo
315 2147 400 2220 leges
413 2146 651 2219 imponerentur,
667 2145 799 2204 maxIme
813 2147 953 2221 angebat,
969 2146 1054 2222 quod
1070 2147 1121 2222 qui
1135 2147 1200 2207 Ma·

220 2229 371 2289 cedonum
392 2229 431 2289 ab
453 2245 489 2290 se
511 2229 687 2288 deiecerant
700 2228 731 2287 in
745 2229 843 2302 bello,
865 2231 896 2290 iu
911 2248 966 2291 eos
981 2230 1030 2291 ius
1046 2231 1204 2291 saeviendi

221 2313 395 2388 ademptum
409 2315 437 2373 ei
453 2314 492 2374 ab
503 2321 612 2374 senatu
623 2319 698 2387 erat,
713 2328 783 2373 cum
796 2315 868 2388 quia
878 2330 943 2374 rem
954 2316 1101 2390 integram
1113 2313 1204 2388 Quin·

220 2396 298 2458 etius
319 2397 351 2457 in
373 2397 606 2459 condicionibus
629 2397 716 2471 pacis
733 2397 907 2471 distulerat,
928 2413 990 2457 non
1006 2399 1206 2474 desperasset

221 2479 375 2556 impetrari
389 2496 495 2555 posse.
522 2481 675 2541 Antiocho
690 2496 765 2556 rege
779 2481 893 2541 deinde
905 2482 987 2543 bello
1003 2489 1149 2557 superato
1165 2482 1205 2542 ad

220 2563 450 2640 Thermopylas,
466 2563 573 2624 divisis
588 2564 736 2640 partibus,
752 2581 821 2625 cum
835 2580 891 2640 per
905 2566 1032 2626 eosdem
1048 2566 1116 2627 dies
1130 2581 1204 2627 con-

220 2647 268 2706 sul
289 2647 405 2706 Acilius
426 2648 620 2721 Heracleam,
645 2647 805 2723 Philippus
827 2646 962 2709 Lamiam
983 2657 1207 2725 oppugnasset,

220 2738 310 2805 capta
323 2730 472 2790 Heraclea
487 2730 560 2805 quia
573 2731 679 2791 iussus
694 2731 864 2793 abscedere
878 2749 897 2792 a
910 2735 1073 2794 moenibus
1083 2732 1207 2793 Lamiae

220 2823 284 2874 erat
300 2813 512 2888 Romanisque
533 2815 681 2890 oppidum
702 2814 838 2876 deditum
858 2824 919 2888 est,
942 2833 1034 2893 aegre
1056 2833 1123 2876 eam
1140 2832 1206 2875 rem

219 2897 337 2957 tulerat.
367 2899 527 2972 permulsit
541 2896 616 2958 iram
631 2899 698 2958 eius
714 2901 837 2973 consul,
860 2901 946 2975 quod
962 2901 1001 2960 ad
1015 2901 1206 2975 Naupactum

220 2981 288 3055 ipse
303 2980 462 3054 festinans,
480 2998 540 3056 quo
554 2998 589 3042 se
604 2998 644 3041 ex
655 2984 728 3057 iuga
738 2983 838 3045 Aetoli
850 2984 1051 3058 contulerant,
1064 2984 1206 3060 Philippo

219 3064 372 3139 permisit,
385 3065 594 3125 'Athamaniae
615 3073 645 3125 et
658 3068 861 3143 Amynandro
881 3068 995 3128 bellum
1016 3068 1154 3138 inlerret,
1176 3076 1208 3128 el

219 3147 313 3207 urbes
335 3164 413 3223 quas
434 3148 591 3208 Thessalis
613 3150 714 3210 Aetoli
735 3151 926 3225 ademerant,
947 3168 1044 3227 regno
1061 3150 1206 3211 adiceret

219 3230 304 3290 haud
316 3246 428 3306 magno
443 3231 608 3292 certamine
622 3240 652 3291 et
664 3235 898 3310 Amynandrum
912 3235 1095 3295 Athamania
1109 3250 1193 3309 expu

219 3318 296 3374 lerat
307 3321 337 3375 et
346 3314 440 3375 urbes
452 3314 570 3392 aqunot
579 3324 747 3413 receperat
769 3316 994 3378 Demetriadem
1006 3334 1141 3395 quoque
1156 3333 1204 3378 ur·

219 3398 291 3458 bem
304 3398 437 3459 validam
452 3407 482 3460 ot
495 3400 536 3459 ad
550 3415 651 3459 omma
667 3408 886 3477 opportunam,
901 3407 932 3462 et
944 3401 1119 3477 Magnetum
1127 3417 1204 3491 ⁸gen

221 3490 282 3543 tem
298 3498 374 3543 suae
387 3482 516 3544 dicionis
529 3484 608 3545 iecit.
631 3484 703 3546 inde
715 3486 766 3545 et
759 3502 788 3544 ln
799 3485 926 3546 Thmcia
939 3486 1091 3560 quasdam
1101 3479 1207 3556 urbes

1310 3159 1312 3228 l

1310 3551 1312 3620 l
