2642 4017
213 256 254 321 42
340 256 456 318 LIBER
466 256 598 317 XXXlX.
621 256 704 318 CAP.
719 265 763 319 ll.
774 266 820 319 45.
831 266 877 320 46.
900 260 936 336 [a.
950 262 982 315 U.
994 280 1018 314 e.
1030 260 1092 333 569]

215 410 344 472 summis
370 408 491 485 pretiis,
517 410 598 470 ultro
618 407 731 470 tributa
754 409 867 472 infimis
897 409 1083 468 locaverunt.
1114 420 1192 480 quas

212 495 384 557 locationes
399 509 467 554 oum
479 501 604 554 senatus
618 492 763 568 precibus
774 500 804 553 et
818 493 949 553 lacrimis
960 490 1193 567 publicanorum

212 579 313 640 vietus
328 578 431 638 induci
447 584 477 637 et
491 577 531 637 de
543 577 660 653 integro
676 577 773 638 locari
787 577 938 651 iussisset,
955 589 1110 647 censores,
1126 572 1191 632 edi-

213 672 262 725 cto
283 661 443 724 summotis
459 660 497 720 ab
513 662 602 722 hasta
617 661 668 736 qui
689 660 836 720 ludificati
856 660 990 737 priorem
1009 657 1192 719 locationem

212 755 314 822 erant,
331 745 433 806 omnia
448 746 557 805 eadem
571 747 696 822 paulum
710 743 875 803 imminutis
890 742 995 818 pretiis
1005 743 1191 802 locaverunt

213 830 324 892 nobilis
340 845 471 889 censura
491 829 547 888 luit
566 824 823 899 simultatiumque
846 827 952 899 plena,
971 841 1051 901 quae
1064 826 1105 885 Μ.
1119 823 1192 883 Por-

212 916 307 986 cium,
334 912 382 972 cui
396 909 548 971 acerbitas
569 926 606 968 ea
627 906 860 982 adsignabetur,
881 922 1080 982 peromnem
1100 909 1193 968 vitam

212 1000 422 1055 exercuerunt.

294 1076 413 1136 Eodem
427 1090 507 1135 anno
525 1075 665 1134 coloniae
680 1075 774 1147 duae,
790 1072 926 1135 Potentia
936 1073 967 1132 in
976 1072 1129 1149 Picenum,
1146 1076 1193 1135 Pi·

212 1176 335 1222 saurum
356 1159 386 1218 in
409 1158 555 1218 Gallicum
577 1173 700 1234 agrum,
721 1158 871 1219 deductae
882 1164 962 1218 sunt.
990 1172 1067 1217 sena
1086 1158 1193 1231 iugera

212 1245 242 1304 in
262 1244 401 1317 singulos
417 1242 496 1301 data.
526 1242 698 1303 diviserunt
717 1258 824 1318 agrurn
838 1240 1038 1317 coloniasque
1054 1240 1192 1300 deduxe-

211 1335 282 1389 runt
295 1326 388 1386 iidem
403 1324 562 1401 triumviri,
579 1326 613 1400 Q.
628 1325 741 1386 Fabius
757 1326 871 1400 Labeo,
891 1332 921 1385 et
933 1324 974 1385 Μ.
989 1331 1021 1385 et
1035 1325 1069 1399 Q.
1083 1323 1190 1397 Fulvii,

210 1411 340 1473 Flaccus
356 1415 386 1469 et
399 1408 546 1469 Nobilior.
589 1410 681 1469 XLV.
703 1412 848 1473 consules
866 1410 933 1470 eius
949 1409 1020 1468 anni
1036 1423 1093 1468 neo
1108 1408 1191 1466 domi

212 1510 270 1554 nec
285 1491 408 1554 militiae
422 1492 619 1554 memorabile
636 1494 801 1569 quicquam
816 1500 952 1569 egerunt.
980 1493 1012 1552 in
1026 1492 1192 1567 insequen-

212 1587 273 1639 tem
287 1593 400 1637 annum
416 1583 558 1638 crearunt
572 1580 717 1638 consules
737 1577 778 1637 Μ.
794 1577 950 1638 Claudiurn
965 1575 1143 1637 Marcellum
1158 1574 1193 1648 Q.

211 1662 339 1722 Fabium
352 1660 537 1722 Labeonem.

295 1744 337 1803 Μ.
355 1744 500 1806 claudius
518 1744 552 1818 Q.
567 1743 680 1806 Fabius
694 1745 795 1806 idibus
816 1743 948 1818 Martiis,
971 1758 1033 1819 quo
1055 1742 1106 1802 die
1121 1757 1192 1803 oon-

213 1829 345 1890 sulatum
358 1828 502 1903 inierunt,
523 1829 563 1889 de
577 1830 744 1905 provinciis
764 1829 829 1890 suis
851 1835 1088 1903 praetorumque
1102 1834 1193 1886 rettu-

213 1915 322 1975 lerunt.
353 1919 512 1989 praetores
533 1913 626 1974 creati
641 1921 728 1973 erant
742 1914 772 1973 c.
788 1912 932 1972 Valerius
954 1909 1066 1970 flamen
1087 1910 1192 1982 Dialis,

215 1998 312 2072 quiet
325 1997 428 2072 priore
442 2012 523 2056 anno
541 1997 684 2070 petierat,
706 2003 736 2056 et
756 1995 810 2069 Sp.
824 1995 1000 2056 Postumius
1014 1993 1145 2054 Albinus
1165 2001 1195 2053 et

212 2081 246 2138 P.
272 2079 429 2140 Cornelius
457 2077 595 2137 Sisenna*
609 2078 643 2137 L.
664 2078 778 2153 Pupius
803 2080 836 2138 L.
858 2079 952 2139 lulius
975 2078 1027 2137 Cn.
1050 2076 1193 2138 Sicinius.

214 2160 393 2221 consulibus
403 2160 532 2235 Ligures
552 2177 620 2221 curn
636 2162 746 2224 iisdem
760 2162 955 2236 exercitibus,
972 2175 1050 2237 quos
1060 2159 1093 2219 Ρ.
1107 2160 1194 2220 Clau·

216 2245 285 2306 dius
299 2251 330 2305 et
342 2245 377 2304 L.
396 2245 523 2306 Porcius
538 2245 722 2322 habuerant,
739 2247 900 2324 provincia
915 2246 1038 2305 decreta
1050 2250 1107 2304 est
1141 2242 1194 2303 Hi-

215 2329 344 2403 spaniae
367 2335 454 2390 extra
475 2337 588 2391 sortem
609 2331 721 2406 prioris
740 2332 811 2390 anni
832 2329 1025 2407 praetoribus
1045 2343 1112 2389 curn
1128 2328 1194 2387 suis

215 2413 398 2473 exercitibus
415 2420 567 2473 servatae.
596 2422 754 2489 praetores
775 2415 819 2475 ita
838 2413 939 2475 sortiri
961 2412 1053 2486 iussi,
1074 2413 1118 2473 uti
1138 2409 1194 2471 fla·

213 2496 286 2555 mini
302 2496 379 2556 Diali
392 2494 498 2569 utique
511 2497 605 2557 altera
619 2498 693 2559 iuris
708 2498 829 2559 dicendi
843 2499 960 2559 Rornae
971 2496 1131 2572 provincia
1145 2510 1194 2554 es·

215 2587 277 2639 set:
293 2579 484 2654 peregrinam
499 2587 548 2641 est
568 2582 702 2643 sortitus.
734 2581 1044 2643 Sisennaecomelio
1065 2580 1193 2651 urbana,

215 2662 269 2738 Sp.
285 2660 440 2722 Postumio
457 2662 568 2737 Sicilia,
582 2665 616 2723 L.
632 2665 728 2741 Pupio
743 2665 864 2741 Apulia,
880 2665 914 2724 L.
928 2665 1004 2725 lulio
1017 2664 1123 2737 Gallio,
1140 2661 1193 2723 cn.

215 2746 329 2806 Sicinio
350 2744 493 2806 Sardinia
513 2749 623 2809 evenit.
665 2750 699 2809 L.
722 2750 816 2810 lulius
837 2757 990 2809 maturare
1010 2756 1058 2809 est
1077 2748 1183 2808 iussus

214 2829 292 2889 Galli
305 2829 496 2905 Transalpini
514 2847 570 2906 per
590 2834 686 2893 saltus
706 2834 829 2909 ignotae
848 2841 939 2894 antea
960 2830 1046 2906 viae,
1070 2838 1104 2892 ut
1124 2837 1194 2891 ante

214 2913 327 2972 dictum
342 2921 403 2988 est,
419 2912 449 2973 in
464 2915 580 2975 ltaliam
593 2916 781 2991 transgressi
801 2918 949 2993 oppidum
971 2917 1001 2976 in
1022 2930 1112 2990 agro,
1137 2913 1191 2989 qui

213 3012 295 3057 nunc
309 3004 357 3057 est
370 2998 593 3075 Aquileiensis,
608 2999 821 3061 aedificabant.
843 3001 876 3061 id
890 3016 946 3061 eos
959 3007 993 3060 ut
1008 2997 1192 3075 prohiberet,

215 3080 299 3159 quod
314 3080 382 3141 eius
397 3080 464 3142 sine
479 3082 559 3145 bello
581 3090 704 3160 posset,
726 3085 859 3161 praetori
879 3083 1054 3144 mandatum
1077 3087 1134 3142 est.
1165 3080 1192 3140 si

214 3164 307 3224 armis
324 3164 507 3241 prohibendi
527 3169 813 3241 essent,·oonsules
832 3168 978 3230 certiores
993 3167 1122 3226 laceret:
1153 3179 1193 3225 ex

214 3248 262 3309 his
277 3250 401 3324 placere
415 3250 543 3311 alterum
558 3252 709 3313 adversus
725 3252 830 3314 Gallos
845 3254 958 3313 ducere
970 3250 1118 3326 legiones.

297 3332 442 3393 Extremo
458 3333 571 3409 prioris
589 3336 661 3395 anni
675 3335 798 3396 comitia
811 3335 937 3412 auguris
951 3335 1076 3396 creandi
1091 3333 1195 3395 habita

214 3422 309 3478 erant.
351 3417 381 3478 in
404 3417 554 3479 demortui
576 3418 629 3478 cn.
650 3419 781 3480 cornelii
800 3419 918 3480 Lentuli
944 3420 1046 3480 locum
1074 3425 1195 3478 creatus

215 3509 280 3560 erat
295 3500 348 3578 Sp.
363 3501 535 3563 Postumius
549 3502 689 3563 Albinus.
728 3503 833 3563 XLVI.
848 3503 939 3564 huius
954 3500 1107 3578 principio
1123 3498 1195 3561 anni
