2642 4017
217 333 333 396 LIBER
345 334 408 398 xL.
427 334 510 396 cAP.
525 345 551 396 r.
566 343 593 396 r.
616 341 653 409 [a.
666 341 702 395 o.
718 358 742 395 ο.
756 343 818 401 cro
833 358 860 397 ι.
871 341 905 397 c.
921 344 983 412 rer]
1069 336 1112 402 5³

185 501 308 537 morem
323 487 397 553 regul
414 487 456 536 sni
472 486 622 550 relinquere.
657 487 705 537 aad
733 487 759 537 lu
783 485 833 537 lucc
853 487 1008 553 cogitatione
1031 498 1112 542 mona

181 563 270 620 raptos
288 564 334 609 eat.
368 569 476 622 regnum
492 554 600 606 Perseos
616 556 722 621 accepit.

214 658 238 717 Ι.
259 656 411 733 Principio
426 657 616 734 insequentis
636 657 709 717 anni
731 657 876 718 consules
890 664 1113 736 praetoresque

131 740 229 802 coniti
241 741 417 817 provincias
430 748 512 803 aaut
541 740 722 803 consulibus
736 741 819 802 nulla
838 748 961 818 praeter
973 743 1110 818 Ligures,

132 840 212 900 quae
231 825 461 899 decerneretur,
482 832 557 885 erat
592 824 763 885 iurisdictio
783 825 902 887 urbana
920 824 962 887 ln
982 825 1110 903 Ogulnio

132 908 234 983 Gallo,
256 908 334 970 inter
353 909 533 985 peregrinos
554 908 595 969 Μ.
610 909 737 970 Valerio
757 910 874 984 evenit,
894 909 1111 987 Hispaniarum

131 990 165 1066 Q.
179 990 288 1053 iirlvio
301 992 413 1054 Flacco
433 992 569 1067 citerior,
590 991 622 1051 P.
637 991 751 1054 Manlio
769 993 908 1069 ulterior,
929 994 964 1055 L.
979 993 1111 1055 Caeritio
1162 1019 1173 1040 ·

131 1074 235 1136 Dentri
257 1074 376 1151 Sicilia,
397 1075 429 1136 c.
446 1077 588 1137 Terentio
609 1077 706 1137 lstrae
725 1075 875 1138 Sardinia
911 1078 1041 1141 dilectus
1056 1079 1110 1141 lra-

131 1158 204 1219 bere
224 1160 370 1221 consules
390 1160 478 1220 iussi.
513 1159 547 1234 Q.
567 1158 681 1221 Fabius
703 1175 743 1221 ex
760 1160 924 1237 Liguribus
944 1163 1112 1239 scripserat

130 1243 277 1319 Apuanos
292 1243 334 1304 ad
351 1243 548 1305 rebellionem
562 1252 720 1321 spectare,
733 1244 964 1321 periculumque
975 1261 1056 1322 esse,
1071 1261 1111 1307 ue

131 1326 276 1403 impetum
290 1327 321 1387 in
335 1342 445 1403 agmen
458 1327 602 1389 Phacum
617 1329 763 1388 lacerent.
791 1335 823 1389 el
841 1345 882 1390 ex
895 1329 1054 1405 Hispaniis
1069 1329 1110 1388 ci·

129 1411 274 1471 terionem
288 1411 318 1471 in
333 1411 426 1472 armis
440 1425 514 1472 esne
526 1417 559 1471 et
575 1426 645 1476 cum
660 1411 819 1473 celtiberis
833 1410 940 1473 bellari
955 1412 1109 1483 sciebaom

129 1493 161 1553 iu
174 1495 332 1570 ulteriore,
347 1496 421 1571 quia
434 1495 488 1555 diu
501 1510 595 1570 aeger
606 1503 694 1558 esset
707 1503 845 1572 praetor,
868 1496 989 1556 luxuria
1002 1501 1033 1555 et
1047 1496 1110 1556 otio

130 1579 262 1640 solutam
277 1576 470 1655 disciplinam
483 1578 641 1639 militarem
661 1594 743 1640 esse.
772 1577 814 1640 ob
827 1593 865 1639 eo
878 1593 979 1640 novos
993 1578 1111 1640 exerei-

129 1668 180 1722 tus
201 1661 356 1723 conscribi
377 1661 506 1737 placuit,
529 1668 671 1738 quaturcr
690 1662 829 1737 legiones
849 1663 880 1724 in
901 1662 1046 1739 Ligures,
1065 1662 1110 1724 oti

129 1746 269 1820 singulae
282 1746 377 1821 quina
390 1744 473 1806 milia
486 1752 517 1807 et
530 1746 671 1807 ducenos
697 1745 832 1821 pedites,
858 1754 1000 1809 trecenos
1015 1747 1109 1807 habe

29 1848 38 1864 ·
129 1837 198 1890 rent
210 1828 345 1905 equites,
362 1829 517 1891 sociorum
537 1829 648 1891 iisdem
666 1829 765 1890 Leuni
784 1830 915 1892 nominis
936 1830 1110 1905 quindecim

127 1913 212 1973 milia
225 1914 361 1989 peditum
374 1912 479 1974 addita
493 1919 524 1974 et
538 1913 702 1989 octingenti
718 1913 847 1990 equites.
874 1914 906 1973 hi
921 1914 983 1975 duc
999 1929 1109 1974 consu·

1 2041 2 2058 ,
129 2000 211 2057 lares
228 1996 380 2058 exercitus
393 2004 508 2058 esseot.
545 1997 682 2058 scribere
706 2004 865 2073 praeterea
889 1997 966 2058 iussi
991 2003 1110 2072 septem

129 2081 212 2141 milia
227 2081 363 2157 peditum
377 2080 531 2142 sociorum
558 2097 595 2141 ac
618 2081 718 2142 Latini
741 2081 889 2157 nominis,
915 2088 947 2142 et
966 2080 1111 2156 quadrin-

130 2170 242 2239 gentos
256 2164 392 2240 equites,
418 2172 449 2225 et
471 2159 596 2225 mittere
613 2165 654 2225 ad
676 2165 718 2226 Μ.
731 2165 908 2226 Marcellum
924 2166 955 2226 io
972 2165 1109 2240 Galliam,

129 2249 180 2309 cui
194 2263 235 2308 ex
249 2251 411 2310 consulatu
432 2256 630 2325 prorogatum
650 2249 811 2325 imperinm
831 2255 906 2308 erat.
944 2248 975 2308 in
998 2247 1109 2325 Hispa-

127 2332 212 2392 niam
225 2338 387 2409 utramque
399 2346 480 2408 quae
493 2332 691 2407 ducerentur,
707 2339 852 2408 quattuor
869 2331 951 2392 milia
973 2331 1109 2406 peditum

128 2414 243 2476 civium
256 2418 463 2478 Rornanorum
488 2423 518 2476 et
540 2416 665 2478 ducenti
689 2416 823 2493 equites,
847 2414 1046 2476 etsociorum
1060 2429 1109 2474 se·

128 2507 212 2576 ptem
227 2500 310 2561 milia
324 2500 459 2576 peditum
473 2515 542 2560 cum
562 2500 707 2561 trecentis
729 2499 883 2577 equitibus
903 2497 996 2560 scribi
1011 2498 1108 2560 iussa.

128 2589 161 2643 et
174 2581 209 2657 Q.
222 2583 318 2645 Fabio
332 2582 469 2645 Labeoni
483 2599 553 2646 cum
567 2583 719 2658 ermeno,
738 2600 828 2660 quem
848 2582 996 2657 habebat,
1012 2582 1041 2642 in
1059 2581 1107 2642 Li·

128 2666 258 2743 guribus
273 2675 472 2743 prorogatum
485 2668 516 2728 in
531 2683 644 2729 annom
658 2668 818 2744 imperium
833 2675 891 2729 est

215 2752 251 2810 11.
273 2753 338 2812 Ver
351 2752 558 2827 procellosum
572 2767 610 2813 eo
622 2766 703 2813 anno
718 2752 782 2812 luit.
807 2751 907 2827 pridie
916 2749 1035 2824 Parilia,
1047 2763 1109 2809 me·

129 2835 182 2896 dio
200 2836 295 2895 ferme
310 2835 375 2910 die,
390 2842 479 2897 atrox
493 2851 562 2897 curn
575 2844 669 2897 vento
689 2843 857 2912 tempestas
878 2841 985 2896 coorto
1006 2833 1109 2893 multis

124 2920 228 2979 sacris
243 2920 444 2995 profanisque
457 2919 535 2980 locis
550 2927 682 2996 stragem
698 2920 781 2995 lecit,
795 2919 884 2994 signa
896 2932 995 2977 aenea
1008 2917 1038 2976 in
1054 2917 1110 2977 ca·

128 3001 237 3077 pitolio
263 3002 389 3078 deiecit,
414 3005 511 3064 iorem
536 3019 575 3063 ex
599 3004 680 3063 aede
697 3004 802 3064 Lunae
816 3000 941 3077 quaein
955 3000 1109 3061 Aventino

128 3092 178 3145 est
192 3092 309 3161 raptam
323 3086 391 3147 tulit
403 3094 434 3148 et
446 3087 477 3146 in
493 3087 620 3163 posticis
631 3086 798 3163 pauetibus
811 3085 929 3147 cereris
940 3084 1045 3161 templi
1056 3083 1110 3145 ad·

127 3168 211 3240 fixit,
234 3168 324 3245 signa
346 3169 407 3231 alia
433 3171 464 3231 in
482 3171 564 3231 circo
583 3171 722 3231 <maximo
746 3186 814 3231 cum
833 3169 983 3230 colomnis
998 3168 1111 3244 quibus

129 3252 349 3327 superstabant
364 3253 487 3327 evertit,
502 3255 626 3330 lastigie
639 3256 758 3330 aliquot
775 3255 958 3330 templorum
972 3268 991 3313 a
1005 3252 1109 3313 culmi·

128 3334 220 3396 nibus
234 3335 648 3414 abruptaloededlsaipavit.
681 3338 784 3414 itaque
794 3337 825 3399 in
837 3337 1010 3414 prodigium
1021 3348 1112 3393 versa

129 3433 168 3478 ea
181 3426 366 3495 tempestas,
383 3422 605 3498 procurarique
625 3422 807 3499 haruspices
827 3422 992 3482 iusserunt.
1022 3417 1110 3477 simut

130 3511 326 3576 procuratum
341 3512 389 3565 est
405 3506 491 3581 quod
504 3505 653 3581 tripedem
667 3508 781 3567 mulum
800 3506 897 3566 Reate
917 3510 1023 3563 natum
1036 3517 1112 3560 nnn·

130 3585 234 3649 tiatum
249 3594 332 3661 erat,
347 3596 377 3649 et
391 3605 410 3648 a
423 3589 554 3650 Formiis
574 3591 682 3650 aedem
704 3587 857 3666 Apollinis
878 3602 915 3646 ac
937 3584 1059 3647 Caietae
1072 3581 1113 3644 da
