2642 4017
259 219 321 282 302
467 215 663 276 urrrortnu
678 214 881 276 LlBRORUM
894 215 995 276 XLIX.
1009 216 1043 277 L.

259 369 330 466 rili:
340 364 1247 473 wita?0irruituro:ittiliirinnutritur,‘tlt

258 480 332 519 bunna
346 476 419 529 piebir
432 450 570 528 reginonem
584 474 759 528 promulgrrret,
775 477 799 514 ut
812 474 920 524 Luriunt,
936 476 975 526 qui
989 476 1012 515 tn
1027 474 1092 518 fidem
1106 476 1187 529 populi
1202 477 1247 519 lio·

258 532 316 574 unani
331 529 402 571 dediti
416 541 430 570 a
443 528 492 571 Ser.
507 528 579 569 Galba
593 530 615 568 in
630 527 725 569 Gallium
740 528 864 576 rennuunt,
885 529 907 569 lu
923 528 1048 571 iibertrtem
1063 531 1247 572 rertltuerentur·

258 587 290 628 ιι.
301 586 357 627 cetu
371 584 479 625 acerrime
491 582 572 628 rnarit.
588 584 664 623 nutat
677 581 749 622 orrtlo
762 583 785 621 in
799 581 923 623 Annrllbur
938 584 986 623 einr
1000 583 1095 625 inclute.
1109 583 1139 629 Q.
1151 583 1247 625 Fulvius

257 639 375 687 Nobilior,
391 642 414 680 et
427 639 477 690 ipre
490 637 518 677 ab
533 647 560 677 eu
574 636 596 675 ln
610 638 690 677 uenatu
705 634 827 686 laceratur,
841 635 959 689 reupondtt
973 647 1014 689 pro
1028 637 1108 680 (inibe.
1125 639 1173 691 ipre
1189 649 1246 689 quo-

275 706 303 735 ue
317 692 400 741 Galba,
423 703 472 732 cnm
486 700 512 731 re
525 688 625 731 drmuart
639 689 741 738 rideret,
760 689 891 741 oompiexnr
905 689 962 730 duna
981 690 1040 731 dlior
1055 694 1211 744 preelextrtor
1223 695 1247 732 et

257 705 353 802 ³ulpicli
364 745 424 789 uerti
437 744 513 793 dilen,
529 746 592 785 cuiur
606 745 668 784 tutor
681 746 736 791 erat,
751 743 783 783 itr
796 743 953 785 miserabiliter
966 754 1008 796 pro
1021 754 1048 785 re
1057 746 1146 787 locutur
1160 749 1205 795 ert,
1221 749 1246 785 ut

258 814 283 845 ro
313 801 345 842 tiu
364 801 524 851 antiquaretur.
543 800 634 839 exrtrnt
653 799 700 838 trea
720 798 834 837 orationea
853 798 914 848 elur,
934 798 992 839 duae
1009 797 1119 840 adrerrur
1137 799 1246 840 Libonem

257 859 286 900 tri
304 865 370 895 unum
385 854 459 908 plebtr
471 852 654 904 rogationemque
668 851 717 892 elur
730 849 820 892 habitae
834 850 862 891 de
871 852 993 902 Lurltanir,
1007 863 1051 893 una
1064 855 1142 894 contre
1152 854 1178 895 L.
1191 855 1244 897 cor-

259 910 342 951 nelium
356 906 490 960 cethegum,
510 907 532 946 tn
548 916 592 958 qur
605 906 724 947 Lurltrnor
738 908 829 958 propter
842 915 893 945 rere
907 909 980 948 ceatur
995 905 1103 947 irruenter
1118 917 1197 948 caerem
1213 907 1243 947 ie·

258 968 331 1012 tetur,
351 961 411 1014 quod
425 963 562 1012 compertum
576 958 681 1000 hebuerit
694 969 751 1010 equo
770 961 839 1011 etque
854 957 943 1000 homine
955 971 996 1002 ruo
1010 963 1055 1002 ritn
1069 960 1190 1003 immoletlu
1203 968 1243 1013 per

256 1028 269 1058 r
286 1017 356 1057 eciem
371 1015 431 1067 pecie
445 1013 527 1055 adoriri
542 1014 665 1054 exercitum
679 1022 743 1053 ruunt
757 1012 780 1054 in
794 1013 869 1057 animo
880 1012 994 1055 liabulrre.
1009 1013 1132 1055 Andriscus
1144 1014 1243 1067 quidam,

257 1082 271 1111 n
283 1072 350 1111 timue
363 1069 432 1110 rorttr
445 1065 521 1116 homo,
542 1066 619 1109 Perrei
633 1067 693 1119 regir
706 1076 733 1107 re
747 1066 817 1109 tilium
832 1066 906 1108 iereur
920 1069 944 1108 et
957 1071 1041 1108 mutato
1055 1069 1144 1110 nomine
1158 1068 1242 1121 Plrtlip-

256 1133 300 1177 pur
314 1125 417 1172 vocetur,
432 1132 481 1163 cum
495 1122 523 1161 rin
537 1121 592 1161 urbe
606 1118 713 1170 Romana,
729 1131 774 1172 quo
788 1121 854 1163 illum
868 1121 996 1163 Demetrlur
1009 1121 1089 1174 Syrire
1102 1133 1144 1164 rex
1157 1123 1186 1162 ub
1202 1122 1244 1163 iruc

257 1180 329 1230 iprum
343 1175 481 1217 mandentum
495 1176 592 1222 miserat,
607 1174 665 1216 elrm
680 1173 831 1228 profugisset,
846 1176 923 1217 ruoitla
937 1175 965 1216 ad
980 1175 1059 1217 iulum
1073 1178 1122 1217 elur
1137 1176 1244 1226 lebulem,

257 1232 319 1273 velut
332 1230 361 1272 ed
376 1241 452 1272 rerum
466 1229 604 1278 eoenrtlnur,
619 1231 732 1269 monneto
755 1230 856 1270 exercitu
870 1232 939 1271 totrrn
949 1228 1101 1271 Macedonium
1115 1234 1155 1271 rnt
1164 1231 1244 1271 volun·

256 1288 304 1327 tete
318 1284 460 1327 incolentium
474 1287 512 1325 aut
525 1282 593 1324 arruir
606 1284 739 1335 occuparit.
755 1283 852 1325 tabulam
866 1285 939 1325 autem
953 1284 1021 1324 trlem
1034 1283 1140 1326 duxerat:
1155 1296 1186 1326 ex
1196 1284 1244 1339 pel·

258 1341 300 1380 lice
316 1350 341 1380 ae
356 1342 379 1381 et
392 1339 475 1380 Pernen
489 1348 542 1390 rege
555 1339 628 1378 ortum
642 1335 754 1380 traditum
768 1336 905 1380 educendum
920 1336 1023 1379 Cretenrl
1036 1338 1123 1380 cuidem
1139 1347 1203 1389 erre,
1218 1340 1243 1379 ut

257 1396 278 1435 in
293 1393 347 1436 belii
362 1402 438 1442 cerua,
459 1390 520 1446 quod
534 1390 573 1433 iile
587 1402 636 1431 cum
649 1391 758 1434 itomrnia
776 1396 875 1444 gereret,
896 1391 988 1445 eliquod
1003 1392 1065 1433 velut
1077 1403 1153 1433 remen
1167 1394 1244 1446 reglre

256 1450 335 1501 ritrptr
349 1450 455 1489 eartaret.
468 1445 606 1498 Adramytiei
620 1455 646 1486 re
660 1442 778 1487 educatum
792 1456 865 1498 neque
878 1446 906 1486 ιιιι
921 1445 1075 1487 duodecimum
1088 1457 1169 1487 ennum
1181 1450 1242 1488 netr-

257 1504 298 1552 tla,
319 1505 404 1555 patrem
425 1512 474 1541 eum
494 1510 544 1541 erre
559 1498 687 1540 credentem
701 1511 773 1552 aquo
788 1500 932 1550 educaretur,
954 1502 1054 1552 ignorum
1067 1501 1157 1553 generir
1171 1500 1243 1541 iulrre

257 1558 300 1598 rui.
316 1555 404 1596 adiecto
419 1553 500 1595 deinde
514 1566 552 1603 eo,
574 1564 623 1594 curn
638 1563 709 1605 prope
722 1553 751 1595 ed
766 1553 867 1596 ultimum
881 1553 941 1595 vitre
954 1552 1020 1595 tinem
1034 1557 1106 1605 erret,
1128 1554 1242 1596 delectem

257 1608 347 1651 trndem
360 1609 391 1650 ibi
406 1608 512 1660 originem
526 1617 596 1657 wrm,
612 1606 729 1659 tarneque
747 1609 812 1649 metri
833 1608 932 1652 lilreilum
947 1606 1023 1650 drtunr
1037 1609 1101 1661 riguo
1116 1607 1194 1650 renel
1208 1618 1241 1650 re·

257 1664 292 1716 gir
305 1664 428 1715 aignaium,
449 1671 515 1714 quem
529 1662 573 1702 utut
588 1659 699 1711 truderet,
715 1674 763 1704 cnm
777 1661 806 1703 ed
821 1663 926 1715 puberem
940 1665 1036 1704 ueterem
1051 1663 1164 1711 renirrete
1180 1663 1240 1704 obte-

257 1719 411 1768 rtrtionerque
430 1715 520 1757 ultimae
538 1715 649 1765 ediectar,
674 1718 700 1756 ut
718 1727 754 1758 rer
773 1717 796 1756 ιιι
815 1716 902 1757 occuito
922 1713 950 1756 ad
965 1715 989 1755 id
1003 1720 1091 1771 leuique
1104 1721 1241 1758 uerreretnr.

257 1769 388 1823 pubeaeenti
406 1767 507 1810 tinellum
526 1769 642 1817 trrdttnm,
662 1769 685 1808 in
699 1781 745 1821 quo
759 1769 831 1812 relicti
845 1769 888 1811 ribi
903 1769 947 1810 duo
961 1768 1062 1812 ilrerrurl
1075 1782 1090 1810 r
1104 1773 1167 1822 putre
1183 1769 1241 1812 dice·

257 1829 340 1864 rentur.
355 1826 401 1863 tum
414 1823 495 1865 reienit
509 1823 626 1865 mulierem
637 1822 750 1865 rubditum
765 1834 790 1865 re
801 1833 858 1873 erre,
874 1834 947 1865 rerem
957 1826 1051 1877 rtirpem
1063 1825 1180 1875 ignoranti,
1194 1823 1240 1865 edl-

258 1878 317 1918 dlrre
337 1885 419 1929 genur,
440 1880 508 1929 rtque
526 1877 675 1926 obteatetrm,
697 1880 722 1919 ut
743 1879 805 1930 priua
824 1888 889 1929 quam
904 1882 1004 1919 manaret
1016 1878 1046 1920 ad
1058 1876 1183 1919 Eumenem
1197 1887 1240 1927 rer,

257 1933 303 1984 regi
315 1932 397 1973 Pernen
411 1931 529 1981 inimicum,
544 1931 664 1973 excederet
678 1931 706 1972 lir
719 1932 783 1981 lucie,
799 1943 828 1972 ne
842 1931 1010 1974 interficeretur.
1026 1944 1054 1974 eo
1064 1941 1089 1973 re
1100 1932 1240 1980 exterritum,

256 1987 321 2028 rimul
336 1989 462 2038 aperautern
475 1985 569 2039 rllquud
582 1997 596 2027 r
610 1985 726 2028 Demetrio
741 1984 862 2037 auxilium,
882 1988 903 2027 in
917 1984 1005 2037 Syriam
1018 1997 1044 2027 re
1058 1984 1193 2036 contullrre,
1207 1989 1240 2026 rt·
1309 1997 1310 2000 ¹

257 2052 301 2094 que
315 2040 346 2082 ibi
360 2040 462 2092 primum,
477 2042 529 2094 quir
543 2042 610 2092 erret,
623 2039 700 2134 pelam
714 2050 845 2092 expromere
859 2050 946 2082 aurum.

309 2095 335 2137 ιι.
354 2094 482 2144 Tirerrella,
504 2106 553 2135 curn
573 2098 596 2135 et
614 2094 678 2136 llam
691 2094 798 2135 invadere
811 2095 879 2135 ermir
893 2094 961 2145 atqne
975 2104 1086 2147 occupere
1101 2092 1238 2189 Preudusshl-

257 2149 333 2201 lippur
347 2149 427 2199 vellet,
448 2160 488 2202 per
502 2149 590 2201 legator
602 2148 751 2189 ilomruorum
764 2147 854 2189 auxilltr
868 2146 1005 2189 Achaeorum
1020 2148 1111 2189 delente
1125 2151 1169 2191 ert.
1204 2159 1238 2188 ru·

256 2204 302 2243 rlrr
316 2214 358 2243 rex
372 2201 501 2256 Bithyniae,
517 2205 614 2244 omnium
628 2200 801 2244 humillimorum
815 2202 931 2253 vitiorum,
951 2213 964 2242 r
978 2201 1101 2243 Nicomede
1115 2200 1161 2243 dito
1176 2201 1239 2242 rdiu·
1307 2217 1308 2220 ¹

256 2261 322 2297 vante
336 2257 413 2298 titirlo
427 2268 479 2309 rege
493 2258 594 2310 Pergami
610 2257 698 2298 occlrur
713 2261 756 2301 ert.
775 2254 872 2297 irruebat
885 2255 953 2297 elium
967 2256 1047 2306 lilium,
1063 2257 1102 2309 qul
1117 2266 1158 2309 pro
1173 2266 1239 2309 aupe-
1306 2295 1307 2304 ,

255 2312 314 2351 riore
323 2310 410 2352 ordine
429 2310 527 2352 dentium
541 2315 630 2352 eurtum
644 2308 750 2352 habuitne
770 2322 835 2352 unum
850 2319 876 2351 or
890 2310 1006 2351 continetur
1020 2310 1109 2354 dicitur.
1128 2321 1178 2350 cum
1193 2314 1240 2350 trer
1306 2309 1307 2316 ’

256 2364 342 2416 legetur
356 2362 385 2404 ad
399 2375 477 2417 pacem
491 2366 549 2406 inter
562 2364 707 2406 Nicomedem
721 2367 745 2406 et
758 2365 859 2406 Prurinm
873 2363 995 2406 irclendrm
1009 2364 1103 2406 Romani
1117 2364 1238 2413 mitterent,

256 2421 280 2470 et
294 2427 351 2458 nnnr
365 2429 394 2458 ex
408 2417 436 2458 tiu
450 2418 528 2459 multir
542 2419 684 2459 cicrtriclbua
694 2427 796 2470 apertum
807 2420 874 2471 eaput
883 2416 982 2468 liaberet,
996 2418 1056 2460 riter
1066 2417 1162 2471 peditur
1172 2427 1239 2470 aeger

255 2476 324 2522 erret,
339 2472 419 2512 tertiur
432 2471 520 2523 ingenio
533 2480 609 2512 reeurr
623 2469 751 2519 haberetur,
766 2472 824 2514 dixit
837 2472 892 2514 Ceto
906 2483 955 2513 erm
970 2472 1101 2524 legationem
1116 2483 1158 2513 nec
1172 2475 1239 2525 ceput

256 2536 298 2565 nec
311 2523 380 2577 pedea
395 2535 436 2564 nec
449 2534 487 2565 cor
501 2522 590 2564 hebere.
610 2525 632 2563 tn
646 2523 724 2575 Syrie,
745 2535 803 2576 qure
818 2537 845 2566 eo
860 2528 960 2579 tempore
974 2527 1046 2580 rtirpe
1059 2526 1148 2577 generir
1162 2536 1239 2579 perem
1304 2531 1305 2534 ’

255 2578 302 2629 regi
316 2576 470 2625 ilieeedonum,
485 2578 564 2618 inertie
577 2576 724 2629 socordiaque
737 2579 832 2621 similem
847 2580 939 2621 Prusiae
949 2590 1022 2633 regem
1032 2579 1135 2629 lrrbebrt,
1151 2579 1238 2620 lucente

255 2643 281 2670 en
296 2630 320 2670 ln
334 2641 405 2679 gener
423 2634 446 2673 et
464 2631 542 2671 lurtrir
557 2631 685 2672 Ammonius
699 2633 816 2684 regnabat,
837 2645 876 2685 per
891 2645 957 2686 quem
971 2638 993 2675 et
1008 2634 1071 2675 enrici
1086 2644 1164 2675 omrrer
1178 2635 1238 2686 regin
1303 2647 1304 2662 ι

255 2687 278 2723 et
293 2682 388 2725 Laodice
407 2686 482 2736 regine
502 2688 525 2725 et
543 2686 667 2737 Antigonur
681 2685 789 2727 Demetrii
808 2686 867 2728 illiue
887 2689 962 2733 occiri.
982 2688 1103 2730 Morinum
1118 2687 1238 2728 Numidiae

255 2747 295 2778 rex
308 2738 378 2778 maior
392 2740 512 2792 nonaginta
525 2740 590 2780 annlr
604 2739 710 2790 deceruit,
724 2741 759 2781 vir
771 2743 873 2793 inrignlr.
889 2743 946 2783 iuter
960 2746 1034 2783 cetere
1043 2752 1112 2795 opere
1121 2741 1237 2791 luveulllr,

256 2801 313 2842 qnee
326 2791 356 2832 ud
370 2791 471 2835 nltlmnm
485 2793 563 2842 edidit,
577 2793 634 2835 adeo
649 2794 716 2836 etiem
731 2804 809 2836 verrur
823 2798 845 2835 tn
860 2800 971 2837 eeneetrm
987 2796 1064 2846 nimir,
1080 2798 1105 2836 ut
1118 2798 1172 2848 poet
1186 2806 1236 2836 rex·

255 2849 300 2885 tum
316 2849 339 2886 et
352 2849 510 2900 octogerlmuur
524 2859 605 2889 annum
620 2847 688 2889 iillum
702 2850 813 2900 genuerit.
828 2851 886 2891 inter
897 2853 943 2890 tter
954 2848 1037 2891 liberor
1047 2850 1102 2899 einr,
1116 2850 1237 2890 mexlmunr
1300 2899 1301 2902 Ἰ

255 2902 307 2993 origi
322 2901 446 2997 Nsselgrrm,
462 2902 589 2953 Guluraam,
604 2903 786 2952 liertrualnrlem,
802 2905 840 2954 qui
855 2905 920 2945 etlam
937 2904 1029 2945 Grrecte
1043 2903 1126 2945 litterir
1137 2903 1237 2943 eruditur

254 2964 360 3049 distulere
374 3021 413 3050 eor
432 3012 515 3052 arbitro
534 3011 641 3063 Scipione
661 3012 776 3060 turrirret,
797 3014 874 3065 perier
889 3010 1058 3053 adminirtrnndl
1073 3012 1135 3062 regni
1151 3010 1227 3052 divinit

254 3062 307 3102 item
321 3061 445 3106 Pirrmeeee
458 3065 583 3115 Himilconi,
600 3065 714 3118 praetento
728 3066 828 3119 equitum
844 3064 1066 3118 Carthaginienrlum,
1081 3068 1129 3108 vlro
1146 3064 1198 3106 lorii
1212 3065 1237 3104 ei

254 3118 316 3156 cuiue
331 3119 449 3170 praecipue
463 3130 531 3172 opere
545 3119 614 3160 Poeni
628 3120 755 3169 utebantur,
771 3120 889 3170 perruerlt,
905 3122 930 3159 ut
943 3118 971 3159 ad
982 3120 1094 3160 Romanor
1108 3130 1158 3159 cum
1172 3119 1235 3170 eqni·

254 3172 301 3210 tatu
316 3180 356 3211 ruo
371 3174 484 3217 trenelret.
501 3185 530 3214 ex
544 3174 616 3214 tribur
630 3173 717 3225 legatie,
733 3173 771 3226 qui
785 3173 814 3213 ad
826 3173 966 3214 llleeintrram
981 3175 1044 3214 mirri
1058 3173 1154 3221 inerant,
1170 3172 1232 3214 clau-

254 3223 305 3265 dtur
315 3224 436 3266 idrrceilur
450 3231 525 3268 coortr
539 3229 673 3280 tempertrte
687 3226 790 3268 ductibur
804 3227 897 3268 obrutur
911 3228 955 3270 ert.
970 3225 1167 3278 Carthaginienrer
1180 3225 1234 3266 ller-

253 3278 378 3328 muretum,
399 3279 532 3321 Nannierae
546 3282 660 3334 nepotem,
681 3291 746 3332 quem
761 3284 884 3334 praetorem
899 3279 1021 3332 habebant,
1035 3279 1145 3320 hominem
1160 3278 1234 3332 prndi-

253 3333 322 3374 iionlr
339 3335 468 3385 rurpectum
488 3335 510 3373 ln
530 3337 590 3375 curia
610 3334 752 3384 occurerunt,
774 3344 831 3385 qure
850 3336 948 3386 rurpicio
963 3334 1016 3375 inde
1029 3333 1153 3382 emanavit,
1175 3330 1234 3385 quud

253 3388 474 3481 nonnffigegn
484 3386 731 3482 iiltt‘rlitrii
743 3387 1234 3483 tti¹¹itltt²¹¹inliQuintilii?

253 3451 302 3534 leg:
311 3451 358 3536 tisri
372 3506 416 3535 non
431 3450 521 3545 troezen,
536 3469 586 3534 cu'ru
601 3503 679 3546 magno
694 3453 812 3536 cssrfnntne
827 3452 967 3547 aurr’egmtia
981 3453 1060 3549 piezu,
1076 3497 1099 3536 et
1109 3504 1233 3550 repugnen·
1283 3553 1287 3562 Ι

394 2957 453 3009 clpio
468 2957 617 3007 Aemilianur,
639 2968 688 2999 cum
708 2968 823 2999 commune
838 2958 871 2998 ele
885 2960 949 3009 puter
963 2968 1055 3010 regnum
1070 2956 1200 3009 reliquluet
1213 2959 1236 2997 et
1299 2969 1300 2972 ¹
