<?xml version="1.0" encoding="UTF-8"?>
<!DOCTYPE html PUBLIC "-//W3C//DTD XHTML 1.0 Transitional//EN"
    "http://www.w3.org/TR/xhtml1/DTD/xhtml1-transitional.dtd">
<html xmlns="http://www.w3.org/1999/xhtml" xml:lang="en" lang="en">
 <head>
  <title>
</title>
<meta http-equiv="Content-Type" content="text/html;charset=utf-8" />
  <meta name='ocr-system' content='tesseract 3.04.00' />
  <meta name='ocr-capabilities' content='ocr_page ocr_carea ocr_par ocr_line ocrx_word'/>
</head>
<body>
  <div class='ocr_page' id='page_1' title='image "./aburbeconditali01mlgoog_0048.png"; bbox 0 0 2642 4017; ppageno 0'>
   <div class='ocr_carea' id='block_1_1' title="bbox 230 274 1064 347">
    <p class='ocr_par' dir='ltr' id='par_1_1' title="bbox 230 274 1064 347">
     <span class='ocr_line' id='line_1_1' title="bbox 230 274 1064 347; baseline -0.01 -8"><span class='ocrx_word' id='word_1_1' title='bbox 230 276 268 339; x_wconf 82' lang='lat' dir='ltr'><strong>te</strong></span> <span class='ocrx_word' id='word_1_2' title='bbox 370 274 485 335; x_wconf 79' lang='lat' dir='ltr'><strong>LIBER</strong></span> <span class='ocrx_word' id='word_1_3' title='bbox 499 274 630 338; x_wconf 81' lang='lat' dir='ltr'><strong>XXXIX.</strong></span> <span class='ocrx_word' id='word_1_4' title='bbox 653 274 847 335; x_wconf 65' lang='lat' dir='ltr'><strong>capuam.</strong></span> <span class='ocrx_word' id='word_1_5' title='bbox 869 280 906 347; x_wconf 80' lang='lat' dir='ltr'><strong>[a.</strong></span> <span class='ocrx_word' id='word_1_6' title='bbox 920 280 1064 346; x_wconf 55' lang='lat' dir='ltr'><strong>uacca]</strong></span> 
     </span>
    </p>
   </div>
   <div class='ocr_carea' id='block_1_2' title="bbox 225 424 1210 835">
    <p class='ocr_par' dir='ltr' id='par_1_2' title="bbox 225 424 1210 835">
     <span class='ocr_line' id='line_1_2' title="bbox 225 424 1210 503; baseline 0.001 -16"><span class='ocrx_word' id='word_1_7' title='bbox 225 426 331 503; x_wconf 84' lang='lat' dir='ltr'><strong>viginti</strong></span> <span class='ocrx_word' id='word_1_8' title='bbox 350 425 432 485; x_wconf 92' lang='lat' dir='ltr'><strong>milia</strong></span> <span class='ocrx_word' id='word_1_9' title='bbox 452 425 588 500; x_wconf 89' lang='lat' dir='ltr'><strong>peditum</strong></span> <span class='ocrx_word' id='word_1_10' title='bbox 609 424 703 486; x_wconf 93' lang='lat' dir='ltr'><strong>sociis</strong></span> <span class='ocrx_word' id='word_1_11' title='bbox 725 431 754 484; x_wconf 95' lang='lat' dir='ltr'><strong>et</strong></span> <span class='ocrx_word' id='word_1_12' title='bbox 773 424 888 486; x_wconf 88' lang='lat' dir='ltr'><strong>nomini</strong></span> <span class='ocrx_word' id='word_1_13' title='bbox 900 424 1007 485; x_wconf 90' lang='lat' dir='ltr'><strong>Latino</strong></span> <span class='ocrx_word' id='word_1_14' title='bbox 1022 424 1210 500; x_wconf 86' lang='lat' dir='ltr'><strong>imperarunt</strong></span> 
     </span>
     <span class='ocr_line' id='line_1_3' title="bbox 227 507 1208 585; baseline -0.004 -12"><span class='ocrx_word' id='word_1_15' title='bbox 227 519 259 573; x_wconf 92' lang='lat' dir='ltr'><strong>et</strong></span> <span class='ocrx_word' id='word_1_16' title='bbox 272 507 392 585; x_wconf 79' lang='lat' dir='ltr'>equites</span> <span class='ocrx_word' id='word_1_17' title='bbox 407 509 488 569; x_wconf 90' lang='lat' dir='ltr'><strong>mille</strong></span> <span class='ocrx_word' id='word_1_18' title='bbox 502 514 672 580; x_wconf 86' lang='lat' dir='ltr'><strong>trecentos,</strong></span> <span class='ocrx_word' id='word_1_19' title='bbox 694 514 724 569; x_wconf 88' lang='lat' dir='ltr'><strong>et</strong></span> <span class='ocrx_word' id='word_1_20' title='bbox 736 507 794 569; x_wconf 88' lang='lat' dir='ltr'><strong>tria</strong></span> <span class='ocrx_word' id='word_1_21' title='bbox 807 507 890 568; x_wconf 90' lang='lat' dir='ltr'><strong>milia</strong></span> <span class='ocrx_word' id='word_1_22' title='bbox 903 509 1040 583; x_wconf 88' lang='lat' dir='ltr'><strong>peditum</strong></span> <span class='ocrx_word' id='word_1_23' title='bbox 1053 508 1208 570; x_wconf 78' lang='lat' dir='ltr'><strong>Romano</strong></span> 
     </span>
     <span class='ocr_line' id='line_1_4' title="bbox 225 589 1209 669; baseline -0.004 -14"><span class='ocrx_word' id='word_1_24' title='bbox 225 611 302 669; x_wconf 89' lang='lat' dir='ltr'><strong>rum,</strong></span> <span class='ocrx_word' id='word_1_25' title='bbox 318 593 469 654; x_wconf 92' lang='lat' dir='ltr'><strong>ducentos</strong></span> <span class='ocrx_word' id='word_1_26' title='bbox 485 592 615 667; x_wconf 83' lang='lat' dir='ltr'><strong>equites.</strong></span> <span class='ocrx_word' id='word_1_27' title='bbox 636 599 733 653; x_wconf 90' lang='lat' dir='ltr'><strong>toturn</strong></span> <span class='ocrx_word' id='word_1_28' title='bbox 748 592 831 654; x_wconf 92' lang='lat' dir='ltr'><strong>hunc</strong></span> <span class='ocrx_word' id='word_1_29' title='bbox 847 589 1015 652; x_wconf 89' lang='lat' dir='ltr'><strong>exercitum</strong></span> <span class='ocrx_word' id='word_1_30' title='bbox 1028 600 1151 667; x_wconf 89' lang='lat' dir='ltr'><strong>praeter</strong></span> <span class='ocrx_word' id='word_1_31' title='bbox 1165 593 1209 651; x_wconf 90' lang='lat' dir='ltr'><strong>le-</strong></span> 
     </span>
     <span class='ocr_line' id='line_1_5' title="bbox 226 675 1209 754; baseline -0.003 -16"><span class='ocrx_word' id='word_1_32' title='bbox 226 680 334 754; x_wconf 89' lang='lat' dir='ltr'><strong>giones</strong></span> <span class='ocrx_word' id='word_1_33' title='bbox 348 676 379 736; x_wconf 92' lang='lat' dir='ltr'><strong>in</strong></span> <span class='ocrx_word' id='word_1_34' title='bbox 397 676 642 752; x_wconf 88' lang='lat' dir='ltr'><strong>supplementum</strong></span> <span class='ocrx_word' id='word_1_35' title='bbox 656 675 872 750; x_wconf 84' lang='lat' dir='ltr'><strong>Hispaniensis</strong></span> <span class='ocrx_word' id='word_1_36' title='bbox 887 675 1041 736; x_wconf 89' lang='lat' dir='ltr'><strong>exercitus</strong></span> <span class='ocrx_word' id='word_1_37' title='bbox 1056 675 1128 735; x_wconf 92' lang='lat' dir='ltr'><strong>duci</strong></span> <span class='ocrx_word' id='word_1_38' title='bbox 1142 675 1209 749; x_wconf 88' lang='lat' dir='ltr'><strong>pla·</strong></span> 
     </span>
     <span class='ocr_line' id='line_1_6' title="bbox 228 758 1209 835; baseline -0.005 -12"><span class='ocrx_word' id='word_1_39' title='bbox 228 763 325 823; x_wconf 90' lang='lat' dir='ltr'><strong>cebat.</strong></span> <span class='ocrx_word' id='word_1_40' title='bbox 360 758 465 835; x_wconf 90' lang='lat' dir='ltr'><strong>itaque</strong></span> <span class='ocrx_word' id='word_1_41' title='bbox 493 760 640 821; x_wconf 85' lang='lat' dir='ltr'><strong>consules</strong></span> <span class='ocrx_word' id='word_1_42' title='bbox 667 758 740 819; x_wconf 93' lang='lat' dir='ltr'><strong>dum</strong></span> <span class='ocrx_word' id='word_1_43' title='bbox 765 758 826 833; x_wconf 91' lang='lat' dir='ltr'><strong>ipsi</strong></span> <span class='ocrx_word' id='word_1_44' title='bbox 851 758 1083 834; x_wconf 78' lang='lat' dir='ltr'><strong>quaestionibus</strong></span> <span class='ocrx_word' id='word_1_45' title='bbox 1112 759 1209 833; x_wconf 91' lang='lat' dir='ltr'><strong>impe-</strong></span> 
     </span>
    </p>
   </div>
   <div class='ocr_carea' id='block_1_3' title="bbox 227 841 1310 916">
    <p class='ocr_par' dir='ltr' id='par_1_3' title="bbox 227 841 1310 916">
     <span class='ocr_line' id='line_1_7' title="bbox 227 841 1310 916; baseline -0.004 -10"><span class='ocrx_word' id='word_1_46' title='bbox 227 845 403 916; x_wconf 89' lang='lat' dir='ltr'><strong>diebantur,</strong></span> <span class='ocrx_word' id='word_1_47' title='bbox 434 844 467 904; x_wconf 88' lang='lat' dir='ltr'><strong>T.</strong></span> <span class='ocrx_word' id='word_1_48' title='bbox 487 842 642 903; x_wconf 85' lang='lat' dir='ltr'><strong>Maenium</strong></span> <span class='ocrx_word' id='word_1_49' title='bbox 668 842 790 903; x_wconf 88' lang='lat' dir='ltr'><strong>dilectui</strong></span> <span class='ocrx_word' id='word_1_50' title='bbox 813 841 957 901; x_wconf 90' lang='lat' dir='ltr'><strong>habendo</strong></span> <span class='ocrx_word' id='word_1_51' title='bbox 984 842 1208 916; x_wconf 79' lang='lat' dir='ltr'><strong>praefecerunt.</strong></span> <span class='ocrx_word' id='word_1_52' title='bbox 1309 851 1310 854; x_wconf 74' lang='grc'>’</span> 
     </span>
    </p>
   </div>
   <div class='ocr_carea' id='block_1_4' title="bbox 225 924 1223 1672">
    <p class='ocr_par' dir='ltr' id='par_1_4' title="bbox 225 924 1223 1672">
     <span class='ocr_line' id='line_1_8' title="bbox 225 924 1209 1003; baseline -0.004 -15"><span class='ocrx_word' id='word_1_53' title='bbox 225 929 370 1003; x_wconf 88' lang='lat' dir='ltr'><strong>perlectis</strong></span> <span class='ocrx_word' id='word_1_54' title='bbox 387 925 619 1003; x_wconf 82' lang='lat' dir='ltr'><strong>quaestionibus</strong></span> <span class='ocrx_word' id='word_1_55' title='bbox 634 924 720 1000; x_wconf 89' lang='lat' dir='ltr'><strong>prior</strong></span> <span class='ocrx_word' id='word_1_56' title='bbox 731 926 764 1000; x_wconf 80' lang='lat' dir='ltr'><strong>Q.</strong></span> <span class='ocrx_word' id='word_1_57' title='bbox 775 925 910 986; x_wconf 82' lang='lat' dir='ltr'><strong>Marcius</strong></span> <span class='ocrx_word' id='word_1_58' title='bbox 921 925 952 984; x_wconf 92' lang='lat' dir='ltr'><strong>in</strong></span> <span class='ocrx_word' id='word_1_59' title='bbox 962 925 1092 1001; x_wconf 82' lang='lat' dir='ltr'><strong>Ligures</strong></span> <span class='ocrx_word' id='word_1_60' title='bbox 1102 926 1209 1001; x_wconf 85' lang='lat' dir='ltr'><strong>Apua-</strong></span> 
     </span>
     <span class='ocr_line' id='line_1_9' title="bbox 226 1007 1210 1086; baseline -0.003 -15"><span class='ocrx_word' id='word_1_61' title='bbox 226 1028 286 1074; x_wconf 89' lang='lat' dir='ltr'><strong>nos</strong></span> <span class='ocrx_word' id='word_1_62' title='bbox 310 1020 359 1073; x_wconf 93' lang='lat' dir='ltr'><strong>est</strong></span> <span class='ocrx_word' id='word_1_63' title='bbox 378 1013 545 1086; x_wconf 84' lang='lat' dir='ltr'><strong>protectus.</strong></span> <span class='ocrx_word' id='word_1_64' title='bbox 576 1010 647 1070; x_wconf 91' lang='lat' dir='ltr'><strong>dum</strong></span> <span class='ocrx_word' id='word_1_65' title='bbox 669 1009 790 1083; x_wconf 89' lang='lat' dir='ltr'><strong>penitus</strong></span> <span class='ocrx_word' id='word_1_66' title='bbox 810 1007 841 1067; x_wconf 92' lang='lat' dir='ltr'><strong>in</strong></span> <span class='ocrx_word' id='word_1_67' title='bbox 856 1008 976 1069; x_wconf 90' lang='lat' dir='ltr'><strong>abditos</strong></span> <span class='ocrx_word' id='word_1_68' title='bbox 992 1011 1104 1081; x_wconf 89' lang='lat' dir='ltr'><strong>saltus,</strong></span> <span class='ocrx_word' id='word_1_69' title='bbox 1128 1024 1210 1085; x_wconf 90' lang='lat' dir='ltr'><strong>quae</strong></span> 
     </span>
     <span class='ocr_line' id='line_1_10' title="bbox 226 1091 1210 1168; baseline -0.001 -14"><span class='ocrx_word' id='word_1_70' title='bbox 226 1096 363 1156; x_wconf 89' lang='lat' dir='ltr'><strong>latebrae</strong></span> <span class='ocrx_word' id='word_1_71' title='bbox 375 1094 633 1168; x_wconf 82' lang='lat' dir='ltr'><strong>receptaculaque</strong></span> <span class='ocrx_word' id='word_1_72' title='bbox 647 1107 771 1168; x_wconf 88' lang='lat' dir='ltr'><strong>semper</strong></span> <span class='ocrx_word' id='word_1_73' title='bbox 784 1091 842 1152; x_wconf 91' lang='lat' dir='ltr'><strong>illis</strong></span> <span class='ocrx_word' id='word_1_74' title='bbox 858 1094 986 1167; x_wconf 78' lang='lat' dir='ltr'><strong>luerunt,</strong></span> <span class='ocrx_word' id='word_1_75' title='bbox 1001 1094 1210 1168; x_wconf 81' lang='lat' dir='ltr'><strong>persequitur,</strong></span> 
     </span>
     <span class='ocr_line' id='line_1_11' title="bbox 229 1175 1209 1255; baseline 0.001 -19"><span class='ocrx_word' id='word_1_76' title='bbox 229 1178 260 1237; x_wconf 88' lang='lat' dir='ltr'><strong>in</strong></span> <span class='ocrx_word' id='word_1_77' title='bbox 281 1176 518 1255; x_wconf 84' lang='lat' dir='ltr'><strong>praeoccupatis</strong></span> <span class='ocrx_word' id='word_1_78' title='bbox 538 1176 688 1251; x_wconf 89' lang='lat' dir='ltr'><strong>angustiis</strong></span> <span class='ocrx_word' id='word_1_79' title='bbox 704 1177 773 1237; x_wconf 92' lang='lat' dir='ltr'><strong>loco</strong></span> <span class='ocrx_word' id='word_1_80' title='bbox 789 1175 894 1249; x_wconf 91' lang='lat' dir='ltr'><strong>iniquo</strong></span> <span class='ocrx_word' id='word_1_81' title='bbox 910 1182 958 1236; x_wconf 88' lang='lat' dir='ltr'><strong>est</strong></span> <span class='ocrx_word' id='word_1_82' title='bbox 972 1175 1209 1237; x_wconf 90' lang='lat' dir='ltr'><strong>circumventus.</strong></span> 
     </span>
     <span class='ocr_line' id='line_1_12' title="bbox 229 1257 1223 1337; baseline -0.001 -14"><span class='ocrx_word' id='word_1_83' title='bbox 229 1268 373 1337; x_wconf 89' lang='lat' dir='ltr'><strong>quattuor</strong></span> <span class='ocrx_word' id='word_1_84' title='bbox 385 1262 467 1320; x_wconf 84' lang='lat' dir='ltr'><strong>milia</strong></span> <span class='ocrx_word' id='word_1_85' title='bbox 480 1258 606 1319; x_wconf 90' lang='lat' dir='ltr'><strong>militum</strong></span> <span class='ocrx_word' id='word_1_86' title='bbox 621 1261 744 1333; x_wconf 89' lang='lat' dir='ltr'><strong>amissa,</strong></span> <span class='ocrx_word' id='word_1_87' title='bbox 759 1266 790 1320; x_wconf 89' lang='lat' dir='ltr'><strong>et</strong></span> <span class='ocrx_word' id='word_1_88' title='bbox 803 1257 933 1333; x_wconf 80' lang='lat' dir='ltr'><strong>legionis</strong></span> <span class='ocrx_word' id='word_1_89' title='bbox 949 1260 1105 1321; x_wconf 88' lang='lat' dir='ltr'><strong>secundae</strong></span> <span class='ocrx_word' id='word_1_90' title='bbox 1119 1259 1223 1334; x_wconf 91' lang='lat' dir='ltr'><strong>signa.</strong></span> 
     </span>
     <span class='ocr_line' id='line_1_13' title="bbox 226 1343 1209 1421; baseline -0.001 -15"><span class='ocrx_word' id='word_1_91' title='bbox 226 1345 292 1421; x_wconf 86' lang='lat' dir='ltr'><strong>tria,</strong></span> <span class='ocrx_word' id='word_1_92' title='bbox 307 1344 447 1405; x_wconf 87' lang='lat' dir='ltr'><strong>undecim</strong></span> <span class='ocrx_word' id='word_1_93' title='bbox 463 1344 576 1404; x_wconf 87' lang='lat' dir='ltr'><strong>vexilla</strong></span> <span class='ocrx_word' id='word_1_94' title='bbox 591 1344 711 1405; x_wconf 88' lang='lat' dir='ltr'><strong>socium</strong></span> <span class='ocrx_word' id='word_1_95' title='bbox 723 1343 819 1404; x_wconf 89' lang='lat' dir='ltr'><strong>Latini</strong></span> <span class='ocrx_word' id='word_1_96' title='bbox 834 1343 966 1405; x_wconf 91' lang='lat' dir='ltr'><strong>nominis</strong></span> <span class='ocrx_word' id='word_1_97' title='bbox 981 1343 1012 1402; x_wconf 89' lang='lat' dir='ltr'><strong>ln</strong></span> <span class='ocrx_word' id='word_1_98' title='bbox 1026 1349 1209 1418; x_wconf 85' lang='lat' dir='ltr'><strong>potestatem</strong></span> 
     </span>
     <span class='ocr_line' id='line_1_14' title="bbox 226 1426 1208 1502; baseline -0.001 -13"><span class='ocrx_word' id='word_1_99' title='bbox 226 1429 359 1491; x_wconf 86' lang='lat' dir='ltr'><strong>hostium</strong></span> <span class='ocrx_word' id='word_1_100' title='bbox 372 1433 536 1500; x_wconf 86' lang='lat' dir='ltr'><strong>venerunt,</strong></span> <span class='ocrx_word' id='word_1_101' title='bbox 552 1434 582 1488; x_wconf 88' lang='lat' dir='ltr'><strong>et</strong></span> <span class='ocrx_word' id='word_1_102' title='bbox 595 1443 680 1487; x_wconf 75' lang='lat' dir='ltr'><strong>arum</strong></span> <span class='ocrx_word' id='word_1_103' title='bbox 694 1428 795 1500; x_wconf 87' lang='lat' dir='ltr'><strong>multa,</strong></span> <span class='ocrx_word' id='word_1_104' title='bbox 811 1442 892 1502; x_wconf 88' lang='lat' dir='ltr'><strong>quae</strong></span> <span class='ocrx_word' id='word_1_105' title='bbox 906 1428 978 1501; x_wconf 91' lang='lat' dir='ltr'><strong>quia</strong></span> <span class='ocrx_word' id='word_1_106' title='bbox 991 1426 1208 1502; x_wconf 87' lang='lat' dir='ltr'><strong>impedimento</strong></span> 
     </span>
     <span class='ocr_line' id='line_1_15' title="bbox 228 1509 1204 1589; baseline -0.001 -18"><span class='ocrx_word' id='word_1_107' title='bbox 228 1512 413 1589; x_wconf 81' lang='lat' dir='ltr'><strong>fngientibus</strong></span> <span class='ocrx_word' id='word_1_108' title='bbox 439 1527 494 1586; x_wconf 88' lang='lat' dir='ltr'><strong>per</strong></span> <span class='ocrx_word' id='word_1_109' title='bbox 519 1512 678 1572; x_wconf 90' lang='lat' dir='ltr'><strong>silvestres</strong></span> <span class='ocrx_word' id='word_1_110' title='bbox 704 1509 830 1571; x_wconf 85' lang='lat' dir='ltr'><strong>semitas</strong></span> <span class='ocrx_word' id='word_1_111' title='bbox 851 1516 951 1585; x_wconf 89' lang='lat' dir='ltr'><strong>erant,</strong></span> <span class='ocrx_word' id='word_1_112' title='bbox 976 1509 1094 1586; x_wconf 90' lang='lat' dir='ltr'><strong>passim</strong></span> <span class='ocrx_word' id='word_1_113' title='bbox 1114 1510 1204 1570; x_wconf 86' lang='lat' dir='ltr'><strong>iacta·</strong></span> 
     </span>
     <span class='ocr_line' id='line_1_16' title="bbox 226 1593 1210 1672; baseline -0.004 -15"><span class='ocrx_word' id='word_1_114' title='bbox 226 1597 345 1658; x_wconf 89' lang='lat' dir='ltr'><strong>bantur.</strong></span> <span class='ocrx_word' id='word_1_115' title='bbox 361 1597 447 1672; x_wconf 87' lang='lat' dir='ltr'><strong>prius</strong></span> <span class='ocrx_word' id='word_1_116' title='bbox 463 1595 613 1670; x_wconf 89' lang='lat' dir='ltr'><strong>sequendi</strong></span> <span class='ocrx_word' id='word_1_117' title='bbox 624 1595 753 1669; x_wconf 81' lang='lat' dir='ltr'><strong>Ligures</strong></span> <span class='ocrx_word' id='word_1_118' title='bbox 767 1595 858 1654; x_wconf 86' lang='lat' dir='ltr'><strong>linem</strong></span> <span class='ocrx_word' id='word_1_119' title='bbox 874 1610 967 1669; x_wconf 90' lang='lat' dir='ltr'><strong>quam</strong></span> <span class='ocrx_word' id='word_1_120' title='bbox 978 1593 1210 1670; x_wconf 87' lang='lat' dir='ltr'><strong>lugaeRomani</strong></span> 
     </span>
    </p>
   </div>
   <div class='ocr_carea' id='block_1_5' title="bbox 134 1676 1210 1753">
    <p class='ocr_par' dir='ltr' id='par_1_5' title="bbox 134 1676 1210 1753">
     <span class='ocr_line' id='line_1_17' title="bbox 134 1676 1210 1753; baseline 0.004 -19"><span class='ocrx_word' id='word_1_121' title='bbox 134 1726 138 1734; x_wconf 92' lang='grc'><em>,</em></span> <span class='ocrx_word' id='word_1_122' title='bbox 228 1681 374 1740; x_wconf 79' lang='lat' dir='ltr'><strong>focerunt</strong></span> <span class='ocrx_word' id='word_1_123' title='bbox 402 1681 510 1740; x_wconf 91' lang='lat' dir='ltr'><strong>consul</strong></span> <span class='ocrx_word' id='word_1_124' title='bbox 534 1677 586 1739; x_wconf 90' lang='lat' dir='ltr'><strong>ubi</strong></span> <span class='ocrx_word' id='word_1_125' title='bbox 600 1679 730 1753; x_wconf 91' lang='lat' dir='ltr'><strong>primum</strong></span> <span class='ocrx_word' id='word_1_126' title='bbox 744 1693 783 1738; x_wconf 88' lang='lat' dir='ltr'><strong>ex</strong></span> <span class='ocrx_word' id='word_1_127' title='bbox 797 1677 931 1738; x_wconf 88' lang='lat' dir='ltr'><strong>hostium</strong></span> <span class='ocrx_word' id='word_1_128' title='bbox 945 1694 1020 1753; x_wconf 90' lang='lat' dir='ltr'><strong>agro</strong></span> <span class='ocrx_word' id='word_1_129' title='bbox 1036 1676 1149 1751; x_wconf 89' lang='lat' dir='ltr'><strong>evasit,</strong></span> <span class='ocrx_word' id='word_1_130' title='bbox 1170 1692 1210 1738; x_wconf 93' lang='lat' dir='ltr'><strong>ne</strong></span> 
     </span>
    </p>
   </div>
   <div class='ocr_carea' id='block_1_6' title="bbox 225 1760 1212 3590">
    <p class='ocr_par' dir='ltr' id='par_1_6' title="bbox 226 1760 1209 2087">
     <span class='ocr_line' id='line_1_18' title="bbox 229 1760 1209 1838; baseline -0.002 -16"><span class='ocrx_word' id='word_1_131' title='bbox 229 1769 372 1838; x_wconf 84' lang='lat' dir='ltr'><strong>qnantum</strong></span> <span class='ocrx_word' id='word_1_132' title='bbox 394 1762 567 1823; x_wconf 88' lang='lat' dir='ltr'><strong>deminutae</strong></span> <span class='ocrx_word' id='word_1_133' title='bbox 582 1762 692 1837; x_wconf 90' lang='lat' dir='ltr'><strong>copiae</strong></span> <span class='ocrx_word' id='word_1_134' title='bbox 705 1764 805 1823; x_wconf 87' lang='lat' dir='ltr'><strong>lorent</strong></span> <span class='ocrx_word' id='word_1_135' title='bbox 818 1769 995 1837; x_wconf 82' lang='lat' dir='ltr'><strong>appareret,</strong></span> <span class='ocrx_word' id='word_1_136' title='bbox 1017 1760 1047 1821; x_wconf 95' lang='lat' dir='ltr'><strong>in</strong></span> <span class='ocrx_word' id='word_1_137' title='bbox 1063 1761 1140 1822; x_wconf 90' lang='lat' dir='ltr'><strong>locis</strong></span> <span class='ocrx_word' id='word_1_138' title='bbox 1156 1776 1209 1836; x_wconf 90' lang='lat' dir='ltr'><strong>pa·</strong></span> 
     </span>
     <span class='ocr_line' id='line_1_19' title="bbox 226 1843 1206 1908; baseline -0.004 -2"><span class='ocrx_word' id='word_1_139' title='bbox 226 1845 303 1908; x_wconf 90' lang='lat' dir='ltr'><strong>catis</strong></span> <span class='ocrx_word' id='word_1_140' title='bbox 322 1846 488 1907; x_wconf 85' lang='lat' dir='ltr'><strong>exercitum</strong></span> <span class='ocrx_word' id='word_1_141' title='bbox 509 1845 630 1905; x_wconf 91' lang='lat' dir='ltr'><strong>dimisit.</strong></span> <span class='ocrx_word' id='word_1_142' title='bbox 658 1852 833 1908; x_wconf 90' lang='lat' dir='ltr'><strong>nontamen</strong></span> <span class='ocrx_word' id='word_1_143' title='bbox 849 1845 1022 1906; x_wconf 84' lang='lat' dir='ltr'><strong>oblitterare</strong></span> <span class='ocrx_word' id='word_1_144' title='bbox 1036 1843 1206 1904; x_wconf 89' lang='lat' dir='ltr'><strong>lamamrei</strong></span> 
     </span>
     <span class='ocr_line' id='line_1_20' title="bbox 226 1927 1209 2005; baseline -0.003 -15"><span class='ocrx_word' id='word_1_145' title='bbox 226 1931 305 1990; x_wconf 89' lang='lat' dir='ltr'><strong>male</strong></span> <span class='ocrx_word' id='word_1_146' title='bbox 318 1936 425 2005; x_wconf 87' lang='lat' dir='ltr'><strong>gestae</strong></span> <span class='ocrx_word' id='word_1_147' title='bbox 439 1930 552 2005; x_wconf 77' lang='lat' dir='ltr'><strong>potuit:</strong></span> <span class='ocrx_word' id='word_1_148' title='bbox 574 1945 644 1989; x_wconf 90' lang='lat' dir='ltr'><strong>nam</strong></span> <span class='ocrx_word' id='word_1_149' title='bbox 659 1931 772 2004; x_wconf 90' lang='lat' dir='ltr'><strong>saltus,</strong></span> <span class='ocrx_word' id='word_1_150' title='bbox 794 1930 876 1989; x_wconf 91' lang='lat' dir='ltr'><strong>unde</strong></span> <span class='ocrx_word' id='word_1_151' title='bbox 890 1944 960 1988; x_wconf 89' lang='lat' dir='ltr'><strong>eum</strong></span> <span class='ocrx_word' id='word_1_152' title='bbox 976 1927 1104 2004; x_wconf 91' lang='lat' dir='ltr'><strong>Ligures</strong></span> <span class='ocrx_word' id='word_1_153' title='bbox 1120 1929 1209 2003; x_wconf 89' lang='lat' dir='ltr'><strong>luga·</strong></span> 
     </span>
     <span class='ocr_line' id='line_1_21' title="bbox 227 2012 852 2087; baseline 0 -15"><span class='ocrx_word' id='word_1_154' title='bbox 227 2020 342 2085; x_wconf 88' lang='lat' dir='ltr'><strong>verant,</strong></span> <span class='ocrx_word' id='word_1_155' title='bbox 360 2012 494 2073; x_wconf 91' lang='lat' dir='ltr'><strong>Marcius</strong></span> <span class='ocrx_word' id='word_1_156' title='bbox 509 2018 557 2072; x_wconf 90' lang='lat' dir='ltr'><strong>est</strong></span> <span class='ocrx_word' id='word_1_157' title='bbox 571 2013 751 2087; x_wconf 90' lang='lat' dir='ltr'><strong>appellatus.</strong></span> <span class='ocrx_word' id='word_1_158' title='bbox 851 2029 852 2034; x_wconf 47' lang='lat'>¹</span> 
     </span>
    </p>

    <p class='ocr_par' dir='ltr' id='par_1_7' title="bbox 225 2093 1212 3590">
     <span class='ocr_line' id='line_1_22' title="bbox 310 2093 1209 2170; baseline -0.002 -14"><span class='ocrx_word' id='word_1_159' title='bbox 310 2095 387 2155; x_wconf 85' lang='lat' dir='ltr'>XXI.</span> <span class='ocrx_word' id='word_1_160' title='bbox 410 2095 474 2155; x_wconf 89' lang='lat' dir='ltr'><strong>Sub</strong></span> <span class='ocrx_word' id='word_1_161' title='bbox 495 2095 577 2153; x_wconf 90' lang='lat' dir='ltr'><strong>huno</strong></span> <span class='ocrx_word' id='word_1_162' title='bbox 597 2093 734 2154; x_wconf 89' lang='lat' dir='ltr'><strong>nuntiam</strong></span> <span class='ocrx_word' id='word_1_163' title='bbox 754 2110 793 2154; x_wconf 89' lang='lat' dir='ltr'><strong>ex</strong></span> <span class='ocrx_word' id='word_1_164' title='bbox 806 2093 972 2170; x_wconf 82' lang='lat' dir='ltr'><strong>Ligustinis</strong></span> <span class='ocrx_word' id='word_1_165' title='bbox 993 2096 1150 2170; x_wconf 90' lang='lat' dir='ltr'><strong>vulgatum</strong></span> <span class='ocrx_word' id='word_1_166' title='bbox 1164 2094 1209 2154; x_wconf 86' lang='lat' dir='ltr'><strong>lit-</strong></span> 
     </span>
     <span class='ocr_line' id='line_1_23' title="bbox 226 2176 1209 2252; baseline -0.004 -12"><span class='ocrx_word' id='word_1_167' title='bbox 226 2187 310 2240; x_wconf 86' lang='lat' dir='ltr'><strong>terae</strong></span> <span class='ocrx_word' id='word_1_168' title='bbox 325 2192 365 2236; x_wconf 90' lang='lat' dir='ltr'><strong>ex</strong></span> <span class='ocrx_word' id='word_1_169' title='bbox 377 2176 526 2252; x_wconf 83' lang='lat' dir='ltr'><strong>Hispania</strong></span> <span class='ocrx_word' id='word_1_170' title='bbox 539 2176 662 2238; x_wconf 85' lang='lat' dir='ltr'><strong>mixtam</strong></span> <span class='ocrx_word' id='word_1_171' title='bbox 677 2178 789 2252; x_wconf 89' lang='lat' dir='ltr'><strong>gaudio</strong></span> <span class='ocrx_word' id='word_1_172' title='bbox 803 2178 954 2239; x_wconf 62' lang='lat' dir='ltr'><strong>butinam</strong></span> <span class='ocrx_word' id='word_1_173' title='bbox 968 2178 1144 2238; x_wconf 78' lang='lat' dir='ltr'><strong>adferentes</strong></span> <span class='ocrx_word' id='word_1_174' title='bbox 1159 2192 1209 2236; x_wconf 78' lang='lat' dir='ltr'><strong>ve</strong></span> 
     </span>
     <span class='ocr_line' id='line_1_24' title="bbox 226 2260 1210 2338; baseline -0.001 -16"><span class='ocrx_word' id='word_1_175' title='bbox 226 2268 344 2322; x_wconf 90' lang='lat' dir='ltr'><strong>nerunt.</strong></span> <span class='ocrx_word' id='word_1_176' title='bbox 373 2260 404 2321; x_wconf 84' lang='lat' dir='ltr'><strong>C.</strong></span> <span class='ocrx_word' id='word_1_177' title='bbox 422 2261 558 2334; x_wconf 86' lang='lat' dir='ltr'><strong>Atinius,</strong></span> <span class='ocrx_word' id='word_1_178' title='bbox 580 2261 632 2335; x_wconf 91' lang='lat' dir='ltr'><strong>qui</strong></span> <span class='ocrx_word' id='word_1_179' title='bbox 650 2260 773 2320; x_wconf 90' lang='lat' dir='ltr'><strong>biennio</strong></span> <span class='ocrx_word' id='word_1_180' title='bbox 788 2268 858 2322; x_wconf 88' lang='lat' dir='ltr'><strong>ante</strong></span> <span class='ocrx_word' id='word_1_181' title='bbox 873 2268 997 2338; x_wconf 89' lang='lat' dir='ltr'><strong>praetor</strong></span> <span class='ocrx_word' id='word_1_182' title='bbox 1010 2261 1041 2321; x_wconf 90' lang='lat' dir='ltr'><strong>in</strong></span> <span class='ocrx_word' id='word_1_183' title='bbox 1056 2277 1123 2321; x_wconf 88' lang='lat' dir='ltr'><strong>eam</strong></span> <span class='ocrx_word' id='word_1_184' title='bbox 1138 2276 1210 2335; x_wconf 87' lang='lat' dir='ltr'><strong>pra·</strong></span> 
     </span>
     <span class='ocr_line' id='line_1_25' title="bbox 225 2344 1209 2420; baseline -0.002 -14"><span class='ocrx_word' id='word_1_185' title='bbox 225 2346 357 2406; x_wconf 90' lang='lat' dir='ltr'><strong>vinciam</strong></span> <span class='ocrx_word' id='word_1_186' title='bbox 368 2345 525 2420; x_wconf 85' lang='lat' dir='ltr'><strong>profectus</strong></span> <span class='ocrx_word' id='word_1_187' title='bbox 533 2351 607 2418; x_wconf 87' lang='lat' dir='ltr'><strong>erat,</strong></span> <span class='ocrx_word' id='word_1_188' title='bbox 619 2345 848 2405; x_wconf 90' lang='lat' dir='ltr'><strong>cumLusitanis</strong></span> <span class='ocrx_word' id='word_1_189' title='bbox 859 2344 890 2405; x_wconf 92' lang='lat' dir='ltr'><strong>in</strong></span> <span class='ocrx_word' id='word_1_190' title='bbox 899 2344 1209 2419; x_wconf 86' lang='lat' dir='ltr'><strong>agroAstensisignis</strong></span> 
     </span>
     <span class='ocr_line' id='line_1_26' title="bbox 227 2427 1210 2503; baseline -0.003 -13"><span class='ocrx_word' id='word_1_191' title='bbox 227 2429 345 2491; x_wconf 90' lang='lat' dir='ltr'><strong>collutis</strong></span> <span class='ocrx_word' id='word_1_192' title='bbox 360 2428 519 2503; x_wconf 79' lang='lat' dir='ltr'><strong>pugnavit:</strong></span> <span class='ocrx_word' id='word_1_193' title='bbox 543 2428 583 2488; x_wconf 91' lang='lat' dir='ltr'><strong>ad</strong></span> <span class='ocrx_word' id='word_1_194' title='bbox 597 2444 655 2489; x_wconf 86' lang='lat' dir='ltr'><strong>sex</strong></span> <span class='ocrx_word' id='word_1_195' title='bbox 668 2428 750 2488; x_wconf 87' lang='lat' dir='ltr'><strong>milia</strong></span> <span class='ocrx_word' id='word_1_196' title='bbox 763 2428 897 2489; x_wconf 89' lang='lat' dir='ltr'><strong>hostium</strong></span> <span class='ocrx_word' id='word_1_197' title='bbox 912 2435 984 2490; x_wconf 92' lang='lat' dir='ltr'><strong>sunt</strong></span> <span class='ocrx_word' id='word_1_198' title='bbox 997 2443 1099 2503; x_wconf 87' lang='lat' dir='ltr'><strong>caesa,</strong></span> <span class='ocrx_word' id='word_1_199' title='bbox 1116 2427 1210 2488; x_wconf 89' lang='lat' dir='ltr'><strong>ceteri</strong></span> 
     </span>
     <span class='ocr_line' id='line_1_27' title="bbox 226 2510 1211 2587; baseline -0.001 -15"><span class='ocrx_word' id='word_1_200' title='bbox 226 2512 289 2573; x_wconf 91' lang='lat' dir='ltr'><strong>lusi</strong></span> <span class='ocrx_word' id='word_1_201' title='bbox 302 2519 332 2572; x_wconf 90' lang='lat' dir='ltr'><strong>et</strong></span> <span class='ocrx_word' id='word_1_202' title='bbox 345 2511 440 2585; x_wconf 84' lang='lat' dir='ltr'><strong>fugati</strong></span> <span class='ocrx_word' id='word_1_203' title='bbox 457 2510 626 2586; x_wconf 84' lang='lat' dir='ltr'><strong>castrisque</strong></span> <span class='ocrx_word' id='word_1_204' title='bbox 641 2512 734 2572; x_wconf 88' lang='lat' dir='ltr'><strong>exuti.</strong></span> <span class='ocrx_word' id='word_1_205' title='bbox 757 2513 796 2571; x_wconf 89' lang='lat' dir='ltr'><strong>ad</strong></span> <span class='ocrx_word' id='word_1_206' title='bbox 812 2512 961 2587; x_wconf 90' lang='lat' dir='ltr'><strong>oppidum</strong></span> <span class='ocrx_word' id='word_1_207' title='bbox 975 2511 1089 2573; x_wconf 89' lang='lat' dir='ltr'><strong>deinde</strong></span> <span class='ocrx_word' id='word_1_208' title='bbox 1102 2513 1211 2572; x_wconf 89' lang='lat' dir='ltr'><strong>Astam</strong></span> 
     </span>
     <span class='ocr_line' id='line_1_28' title="bbox 230 2591 1210 2671; baseline 0 -16"><span class='ocrx_word' id='word_1_209' title='bbox 230 2593 470 2670; x_wconf 90' lang='lat' dir='ltr'><strong>oppugnandum</strong></span> <span class='ocrx_word' id='word_1_210' title='bbox 485 2591 622 2668; x_wconf 83' lang='lat' dir='ltr'><strong>legiones</strong></span> <span class='ocrx_word' id='word_1_211' title='bbox 637 2594 736 2655; x_wconf 82' lang='lat' dir='ltr'><strong>ducit:</strong></span> <span class='ocrx_word' id='word_1_212' title='bbox 759 2594 790 2654; x_wconf 92' lang='lat' dir='ltr'><strong>id</strong></span> <span class='ocrx_word' id='word_1_213' title='bbox 807 2611 932 2671; x_wconf 91' lang='lat' dir='ltr'><strong>quoque</strong></span> <span class='ocrx_word' id='word_1_214' title='bbox 946 2594 1029 2656; x_wconf 90' lang='lat' dir='ltr'><strong>haud</strong></span> <span class='ocrx_word' id='word_1_215' title='bbox 1040 2595 1134 2656; x_wconf 92' lang='lat' dir='ltr'><strong>multo</strong></span> <span class='ocrx_word' id='word_1_216' title='bbox 1147 2611 1210 2655; x_wconf 92' lang='lat' dir='ltr'><strong>ma·</strong></span> 
     </span>
     <span class='ocr_line' id='line_1_29' title="bbox 228 2676 1212 2753; baseline 0.001 -16"><span class='ocrx_word' id='word_1_217' title='bbox 228 2678 293 2738; x_wconf 91' lang='lat' dir='ltr'><strong>iore</strong></span> <span class='ocrx_word' id='word_1_218' title='bbox 308 2676 472 2737; x_wconf 86' lang='lat' dir='ltr'><strong>certamine</strong></span> <span class='ocrx_word' id='word_1_219' title='bbox 484 2676 566 2753; x_wconf 87' lang='lat' dir='ltr'><strong>cepit</strong></span> <span class='ocrx_word' id='word_1_220' title='bbox 578 2695 669 2752; x_wconf 90' lang='lat' dir='ltr'><strong>quam</strong></span> <span class='ocrx_word' id='word_1_221' title='bbox 680 2687 797 2748; x_wconf 87' lang='lat' dir='ltr'><strong>castra;</strong></span> <span class='ocrx_word' id='word_1_222' title='bbox 813 2679 871 2739; x_wconf 90' lang='lat' dir='ltr'><strong>sed</strong></span> <span class='ocrx_word' id='word_1_223' title='bbox 882 2679 954 2739; x_wconf 91' lang='lat' dir='ltr'><strong>dum</strong></span> <span class='ocrx_word' id='word_1_224' title='bbox 965 2679 1117 2739; x_wconf 88' lang='lat' dir='ltr'><strong>incautius</strong></span> <span class='ocrx_word' id='word_1_225' title='bbox 1128 2676 1212 2738; x_wconf 90' lang='lat' dir='ltr'><strong>subit</strong></span> 
     </span>
     <span class='ocr_line' id='line_1_30' title="bbox 226 2758 1210 2836; baseline 0.002 -16"><span class='ocrx_word' id='word_1_226' title='bbox 226 2775 339 2833; x_wconf 86' lang='lat' dir='ltr'><strong>muros,</strong></span> <span class='ocrx_word' id='word_1_227' title='bbox 356 2758 434 2821; x_wconf 92' lang='lat' dir='ltr'><strong>ictus</strong></span> <span class='ocrx_word' id='word_1_228' title='bbox 450 2776 490 2820; x_wconf 88' lang='lat' dir='ltr'><strong>ex</strong></span> <span class='ocrx_word' id='word_1_229' title='bbox 506 2762 633 2822; x_wconf 91' lang='lat' dir='ltr'><strong>vulnere</strong></span> <span class='ocrx_word' id='word_1_230' title='bbox 650 2771 723 2836; x_wconf 92' lang='lat' dir='ltr'><strong>post</strong></span> <span class='ocrx_word' id='word_1_231' title='bbox 734 2762 801 2822; x_wconf 85' lang='lat' dir='ltr'><strong>dias</strong></span> <span class='ocrx_word' id='word_1_232' title='bbox 816 2778 935 2836; x_wconf 89' lang='lat' dir='ltr'><strong>paucos</strong></span> <span class='ocrx_word' id='word_1_233' title='bbox 946 2762 1081 2823; x_wconf 89' lang='lat' dir='ltr'><strong>moritur.</strong></span> <span class='ocrx_word' id='word_1_234' title='bbox 1104 2761 1210 2823; x_wconf 87' lang='lat' dir='ltr'><strong>litteris</strong></span> 
     </span>
     <span class='ocr_line' id='line_1_31' title="bbox 226 2844 1210 2919; baseline 0 -15"><span class='ocrx_word' id='word_1_235' title='bbox 226 2844 266 2905; x_wconf 94' lang='lat' dir='ltr'><strong>de</strong></span> <span class='ocrx_word' id='word_1_236' title='bbox 279 2851 376 2905; x_wconf 89' lang='lat' dir='ltr'><strong>morte</strong></span> <span class='ocrx_word' id='word_1_237' title='bbox 390 2845 599 2919; x_wconf 88' lang='lat' dir='ltr'><strong>propraetoris</strong></span> <span class='ocrx_word' id='word_1_238' title='bbox 613 2844 747 2906; x_wconf 90' lang='lat' dir='ltr'><strong>recitatis</strong></span> <span class='ocrx_word' id='word_1_239' title='bbox 762 2851 888 2906; x_wconf 88' lang='lat' dir='ltr'><strong>senatus</strong></span> <span class='ocrx_word' id='word_1_240' title='bbox 903 2847 1022 2907; x_wconf 87' lang='lat' dir='ltr'><strong>censuit</strong></span> <span class='ocrx_word' id='word_1_241' title='bbox 1032 2847 1210 2907; x_wconf 91' lang='lat' dir='ltr'><strong>mittendum</strong></span> 
     </span>
     <span class='ocr_line' id='line_1_32' title="bbox 227 2926 1210 3006; baseline 0.004 -19"><span class='ocrx_word' id='word_1_242' title='bbox 227 2926 280 3003; x_wconf 92' lang='lat' dir='ltr'><strong>qui</strong></span> <span class='ocrx_word' id='word_1_243' title='bbox 297 2928 336 2988; x_wconf 90' lang='lat' dir='ltr'><strong>ad</strong></span> <span class='ocrx_word' id='word_1_244' title='bbox 346 2928 451 2988; x_wconf 90' lang='lat' dir='ltr'><strong>Lunae</strong></span> <span class='ocrx_word' id='word_1_245' title='bbox 464 2935 585 3005; x_wconf 90' lang='lat' dir='ltr'><strong>portum</strong></span> <span class='ocrx_word' id='word_1_246' title='bbox 597 2927 627 2989; x_wconf 84' lang='lat' dir='ltr'><strong>C.</strong></span> <span class='ocrx_word' id='word_1_247' title='bbox 641 2928 837 3003; x_wconf 85' lang='lat' dir='ltr'><strong>Calpurnium</strong></span> <span class='ocrx_word' id='word_1_248' title='bbox 851 2936 1026 3006; x_wconf 84' lang='lat' dir='ltr'><strong>praetorem</strong></span> <span class='ocrx_word' id='word_1_249' title='bbox 1038 2945 1210 3003; x_wconf 86' lang='lat' dir='ltr'><strong>conseque·</strong></span> 
     </span>
     <span class='ocr_line' id='line_1_33' title="bbox 225 3011 1210 3089; baseline -0.002 -17"><span class='ocrx_word' id='word_1_250' title='bbox 225 3018 316 3085; x_wconf 90' lang='lat' dir='ltr'><strong>retur,</strong></span> <span class='ocrx_word' id='word_1_251' title='bbox 330 3012 543 3089; x_wconf 88' lang='lat' dir='ltr'><strong>nuntiaretque</strong></span> <span class='ocrx_word' id='word_1_252' title='bbox 557 3019 696 3073; x_wconf 90' lang='lat' dir='ltr'><strong>senatum</strong></span> <span class='ocrx_word' id='word_1_253' title='bbox 711 3028 843 3088; x_wconf 88' lang='lat' dir='ltr'><strong>aequum</strong></span> <span class='ocrx_word' id='word_1_254' title='bbox 858 3029 1002 3086; x_wconf 87' lang='lat' dir='ltr'><strong>censere,</strong></span> <span class='ocrx_word' id='word_1_255' title='bbox 1020 3028 1059 3074; x_wconf 87' lang='lat' dir='ltr'><strong>ne</strong></span> <span class='ocrx_word' id='word_1_256' title='bbox 1074 3013 1140 3073; x_wconf 89' lang='lat' dir='ltr'><strong>sine</strong></span> <span class='ocrx_word' id='word_1_257' title='bbox 1154 3011 1210 3071; x_wconf 88' lang='lat' dir='ltr'><strong>im-</strong></span> 
     </span>
     <span class='ocr_line' id='line_1_34' title="bbox 225 3095 1211 3172; baseline -0.002 -17"><span class='ocrx_word' id='word_1_258' title='bbox 225 3095 312 3171; x_wconf 89' lang='lat' dir='ltr'><strong>perio</strong></span> <span class='ocrx_word' id='word_1_259' title='bbox 327 3096 486 3171; x_wconf 88' lang='lat' dir='ltr'><strong>provincia</strong></span> <span class='ocrx_word' id='word_1_260' title='bbox 496 3102 588 3168; x_wconf 89' lang='lat' dir='ltr'><strong>essct,</strong></span> <span class='ocrx_word' id='word_1_261' title='bbox 604 3103 757 3157; x_wconf 89' lang='lat' dir='ltr'><strong>maturare</strong></span> <span class='ocrx_word' id='word_1_262' title='bbox 767 3112 837 3157; x_wconf 89' lang='lat' dir='ltr'><strong>eum</strong></span> <span class='ocrx_word' id='word_1_263' title='bbox 849 3097 1015 3172; x_wconf 84' lang='lat' dir='ltr'><strong>proficisci.</strong></span> <span class='ocrx_word' id='word_1_264' title='bbox 1038 3104 1147 3172; x_wconf 91' lang='lat' dir='ltr'><strong>quarto</strong></span> <span class='ocrx_word' id='word_1_265' title='bbox 1160 3095 1211 3155; x_wconf 89' lang='lat' dir='ltr'><strong>die</strong></span> 
     </span>
     <span class='ocr_line' id='line_1_35' title="bbox 226 3178 1210 3256; baseline -0.003 -15"><span class='ocrx_word' id='word_1_266' title='bbox 226 3181 278 3256; x_wconf 90' lang='lat' dir='ltr'><strong>qui</strong></span> <span class='ocrx_word' id='word_1_267' title='bbox 298 3178 413 3240; x_wconf 91' lang='lat' dir='ltr'><strong>missus</strong></span> <span class='ocrx_word' id='word_1_268' title='bbox 428 3187 492 3241; x_wconf 86' lang='lat' dir='ltr'><strong>crat</strong></span> <span class='ocrx_word' id='word_1_269' title='bbox 503 3179 620 3240; x_wconf 89' lang='lat' dir='ltr'><strong>Lunam</strong></span> <span class='ocrx_word' id='word_1_270' title='bbox 634 3181 733 3241; x_wconf 76' lang='lat' dir='ltr'><strong>venit:</strong></span> <span class='ocrx_word' id='word_1_271' title='bbox 755 3181 863 3255; x_wconf 86' lang='lat' dir='ltr'><strong>paucis</strong></span> <span class='ocrx_word' id='word_1_272' title='bbox 875 3188 946 3241; x_wconf 92' lang='lat' dir='ltr'><strong>ante</strong></span> <span class='ocrx_word' id='word_1_273' title='bbox 961 3181 1070 3241; x_wconf 85' lang='lat' dir='ltr'><strong>diebus</strong></span> <span class='ocrx_word' id='word_1_274' title='bbox 1085 3180 1210 3253; x_wconf 86' lang='lat' dir='ltr'><strong>Calpur-</strong></span> 
     </span>
     <span class='ocr_line' id='line_1_36' title="bbox 225 3263 1210 3340; baseline -0.001 -18"><span class='ocrx_word' id='word_1_275' title='bbox 225 3265 296 3324; x_wconf 90' lang='lat' dir='ltr'><strong>nius</strong></span> <span class='ocrx_word' id='word_1_276' title='bbox 317 3263 475 3337; x_wconf 89' lang='lat' dir='ltr'><strong>proiectus</strong></span> <span class='ocrx_word' id='word_1_277' title='bbox 495 3270 568 3324; x_wconf 89' lang='lat' dir='ltr'><strong>erat.</strong></span> <span class='ocrx_word' id='word_1_278' title='bbox 604 3270 635 3324; x_wconf 93' lang='lat' dir='ltr'><strong>et</strong></span> <span class='ocrx_word' id='word_1_279' title='bbox 655 3265 686 3323; x_wconf 92' lang='lat' dir='ltr'><strong>in</strong></span> <span class='ocrx_word' id='word_1_280' title='bbox 707 3264 847 3325; x_wconf 87' lang='lat' dir='ltr'><strong>citeriore</strong></span> <span class='ocrx_word' id='word_1_281' title='bbox 866 3264 1017 3340; x_wconf 89' lang='lat' dir='ltr'><strong>Hispania</strong></span> <span class='ocrx_word' id='word_1_282' title='bbox 1029 3264 1063 3324; x_wconf 90' lang='lat' dir='ltr'><strong>L.</strong></span> <span class='ocrx_word' id='word_1_283' title='bbox 1077 3263 1210 3322; x_wconf 89' lang='lat' dir='ltr'><strong>Manlius</strong></span> 
     </span>
     <span class='ocr_line' id='line_1_37' title="bbox 225 3345 1211 3423; baseline -0.002 -16"><span class='ocrx_word' id='word_1_284' title='bbox 225 3345 389 3422; x_wconf 79' lang='lat' dir='ltr'><strong>Acidinus,</strong></span> <span class='ocrx_word' id='word_1_285' title='bbox 413 3346 465 3421; x_wconf 92' lang='lat' dir='ltr'><strong>qui</strong></span> <span class='ocrx_word' id='word_1_286' title='bbox 480 3346 590 3408; x_wconf 89' lang='lat' dir='ltr'><strong>codem</strong></span> <span class='ocrx_word' id='word_1_287' title='bbox 603 3354 757 3423; x_wconf 86' lang='lat' dir='ltr'><strong>tempore,</strong></span> <span class='ocrx_word' id='word_1_288' title='bbox 780 3364 840 3423; x_wconf 91' lang='lat' dir='ltr'><strong>quo</strong></span> <span class='ocrx_word' id='word_1_289' title='bbox 857 3348 889 3408; x_wconf 85' lang='lat' dir='ltr'><strong>C.</strong></span> <span class='ocrx_word' id='word_1_290' title='bbox 903 3348 1024 3409; x_wconf 88' lang='lat' dir='ltr'><strong>Atinius</strong></span> <span class='ocrx_word' id='word_1_291' title='bbox 1040 3345 1071 3406; x_wconf 93' lang='lat' dir='ltr'><strong>in</strong></span> <span class='ocrx_word' id='word_1_292' title='bbox 1087 3346 1211 3422; x_wconf 86' lang='lat' dir='ltr'><strong>provin-</strong></span> 
     </span>
     <span class='ocr_line' id='line_1_38' title="bbox 226 3428 1210 3506; baseline -0.001 -16"><span class='ocrx_word' id='word_1_293' title='bbox 226 3429 305 3491; x_wconf 90' lang='lat' dir='ltr'><strong>ciam</strong></span> <span class='ocrx_word' id='word_1_294' title='bbox 325 3428 415 3506; x_wconf 90' lang='lat' dir='ltr'><strong>ierat,</strong></span> <span class='ocrx_word' id='word_1_295' title='bbox 437 3445 508 3492; x_wconf 88' lang='lat' dir='ltr'><strong>aum</strong></span> <span class='ocrx_word' id='word_1_296' title='bbox 522 3430 678 3491; x_wconf 80' lang='lat' dir='ltr'><strong>Celtiberis</strong></span> <span class='ocrx_word' id='word_1_297' title='bbox 693 3430 760 3492; x_wconf 90' lang='lat' dir='ltr'><strong>acie</strong></span> <span class='ocrx_word' id='word_1_298' title='bbox 776 3430 924 3492; x_wconf 86' lang='lat' dir='ltr'><strong>conflixit</strong></span> <span class='ocrx_word' id='word_1_299' title='bbox 953 3432 1069 3491; x_wconf 86' lang='lat' dir='ltr'><strong>incerta</strong></span> <span class='ocrx_word' id='word_1_300' title='bbox 1081 3429 1210 3491; x_wconf 85' lang='lat' dir='ltr'><strong>victoria</strong></span> 
     </span>
     <span class='ocr_line' id='line_1_39' title="bbox 227 3513 1206 3590; baseline 0.001 -17"><span class='ocrx_word' id='word_1_301' title='bbox 227 3514 398 3576; x_wconf 89' lang='lat' dir='ltr'><strong>discessum</strong></span> <span class='ocrx_word' id='word_1_302' title='bbox 416 3521 479 3588; x_wconf 87' lang='lat' dir='ltr'><strong>ost,</strong></span> <span class='ocrx_word' id='word_1_303' title='bbox 500 3513 561 3575; x_wconf 91' lang='lat' dir='ltr'><strong>nisi</strong></span> <span class='ocrx_word' id='word_1_304' title='bbox 576 3517 659 3590; x_wconf 94' lang='lat' dir='ltr'><strong>quod</strong></span> <span class='ocrx_word' id='word_1_305' title='bbox 675 3515 815 3577; x_wconf 85' lang='lat' dir='ltr'><strong>Celtiberi</strong></span> <span class='ocrx_word' id='word_1_306' title='bbox 830 3522 932 3576; x_wconf 89' lang='lat' dir='ltr'><strong>castra</strong></span> <span class='ocrx_word' id='word_1_307' title='bbox 946 3513 1018 3575; x_wconf 91' lang='lat' dir='ltr'><strong>inde</strong></span> <span class='ocrx_word' id='word_1_308' title='bbox 1032 3522 1124 3575; x_wconf 89' lang='lat' dir='ltr'><strong>nocte</strong></span> <span class='ocrx_word' id='word_1_309' title='bbox 1138 3529 1206 3588; x_wconf 90' lang='lat' dir='ltr'><strong>pro·</strong></span> 
     </span>
    </p>
   </div>
   <div class='ocr_carea' id='block_1_7' title="bbox 0 0 1326 4017">
    <p class='ocr_par' dir='ltr' id='par_1_8' title="bbox 0 0 1326 4017">
     <span class='ocr_line' id='line_1_40' title="bbox 0 0 1326 4017; baseline 0 0"><span class='ocrx_word' id='word_1_310' title='bbox 0 0 1326 4017; x_wconf 95' lang='lat' dir='ltr'><strong> </strong></span> 
     </span>
    </p>
   </div>
  </div>
 </body>
</html>
