2642 4017
304 260 421 322 LIBER
434 261 538 321 XLIV.
561 262 644 321 CAP.
661 270 703 324 le.
726 269 762 336 [a.
774 269 805 321 C.
822 271 883 338 169]
1021 266 1083 331 221

185 416 263 476 Xlll.
285 415 367 475 Inter
380 412 458 474 haec
471 421 503 474 et
516 414 634 487 consul,
650 429 690 473 ne
704 416 810 489 segnis
825 416 949 476 sederet
969 425 1086 482 tantum

99 502 131 561 in
153 516 228 575 agro
250 498 385 569 hostico,
405 497 446 556 Μ.
461 496 621 572 Popillium
637 513 706 558 cum
722 498 857 573 quinque
871 498 993 561 milibus
1009 503 1085 563 mili·

99 592 164 645 tum
185 584 225 643 ad
239 582 421 642 Meliboeam
442 582 548 642 urbem
570 581 810 657 oppugnandam
830 582 926 644 mittit.
942 586 1018 647 sita
1039 593 1087 648 est

98 670 130 729 in
141 667 297 728 radicibus
309 663 408 725 Ossae
419 665 540 740 montis,
556 680 618 740 qua
633 671 721 740 parte
731 665 762 724 in
773 666 963 727 Thessaliam
977 670 1085 746 vergit,

99 758 276 828 opportune
293 749 454 809 imminens
469 764 566 824 super
578 748 811 809 Demetriadem.
838 750 955 824 primus
970 752 1085 814 adven·

98 844 149 897 tus
164 835 298 896 hostium
313 833 442 908 perculit
456 833 574 893 incolas
589 832 665 892 locis
680 833 817 893 collectis
833 833 946 895 deinde
960 851 978 895 e
992 852 1085 898 neco·

98 922 204 996 pinato
233 931 350 991 pavore
378 917 484 977 anonis
514 915 690 977 discurrunt
717 918 824 977 armati
848 917 889 978 ad
917 926 1022 994 portas
1048 937 1086 983 ac

98 1003 230 1074 moenia,
257 1016 320 1076 qua
344 999 482 1075 suspecti
506 999 607 1061 aditus
627 1007 731 1069 erantr
756 1017 909 1077 spemque
929 1006 1084 1079 extemplo

98 1086 272 1148 inciderunt
285 1084 355 1159 capi
370 1086 469 1160 primo
484 1085 600 1158 impetu
613 1098 721 1160 posse.
753 1084 875 1146 obsidio
889 1085 981 1161 igitur
995 1103 1086 1164 pann-

99 1169 197 1244 batur,
212 1178 243 1230 et
258 1183 354 1244 opera
368 1167 631 1244 oppugnationum
645 1168 713 1227 lieri
728 1177 846 1244 coepta
868 1168 1001 1233 Perseus
1015 1187 1084 1233 cum

98 1255 240 1317 audisset
253 1252 343 1314 simul
356 1251 541 1313 Meliboeam
556 1269 575 1313 a
589 1250 726 1312 consulis
748 1253 886 1314 exercitu
900 1255 1084 1330 oppugnari,

99 1338 190 1399 simul
205 1338 339 1399 classem
352 1336 425 1396 Iolci
441 1344 538 1411 stare,
559 1345 593 1397 ut
607 1335 680 1395 inde
694 1334 920 1397 Demetriadem
933 1338 1084 1412 adgrede

98 1429 198 1497 retur,
218 1419 449 1497 Euphranorem
475 1419 629 1495 quendam
648 1435 689 1478 ex
710 1418 842 1481 ducibus
866 1434 935 1480 cum
957 1420 1084 1483 delectis

98 1507 222 1567 duobus
236 1502 358 1565 milibus
372 1504 556 1565 Meliboeam
570 1502 666 1563 mittit
688 1501 790 1563 eidem
803 1502 995 1579 imperatum,
1010 1513 1044 1565 ut
1057 1507 1084 1565 si

98 1608 118 1650 a
137 1589 289 1650 Meliboea
313 1589 533 1650 summovisset
550 1586 724 1661 Romanos,
748 1586 973 1647 Demetriadem
998 1588 1084 1665 prius
1152 1646 1158 1667 ,

98 1674 219 1735 occulto
234 1671 341 1734 itinere
355 1672 494 1745 intraret,
515 1686 605 1747 quam
630 1671 670 1731 ab
693 1670 777 1732 lolco
802 1670 842 1730 ad
861 1670 968 1733 urbem
984 1679 1085 1737 castre

97 1765 257 1819 moverent
269 1756 410 1820 Romani.
441 1762 472 1817 et
484 1755 523 1817 ab
539 1754 806 1831 oppugnatoribus
819 1754 998 1831 Meliboeae,
1013 1771 1083 1818 cum

69 1862 77 1893 ι
97 1843 129 1903 in
141 1841 352 1918 superioribus
363 1840 441 1904 locis
447 1846 575 1915 repente
581 1839 787 1915 apparuisset,
800 1854 869 1902 cum
879 1840 1084 1916 trepidatione

98 1928 194 1988 muta
206 1924 314 1986 relicta
327 1941 424 2001 opera
438 1932 510 1986 sunt
524 1922 668 1999 ignisque
681 1923 822 1985 iniectus.
844 1922 887 1985 ita
899 1940 919 1984 a
932 1923 1084 1986 Meliboea

99 2010 284 2073 abscessum
296 2017 353 2071 est
382 2008 565 2085 Euphranor
582 2008 685 2068 soluta
704 2007 796 2069 unius
815 2007 900 2068 urbis
921 2007 1084 2069 obsidione

97 2093 322 2155 Demetriadem
346 2094 501 2168 extemplo
523 2093 616 2154 ducit
644 2099 737 2153 nocte
750 2089 767 2131 *
781 2091 904 2154 moenia
916 2090 1010 2152 modo
1026 2091 1082 2152 sed

99 2194 193 2252 agros
208 2178 298 2241 etiam
313 2178 507 2240 confiderunt
521 2192 591 2238 sea
609 2175 860 2253 populationibus
877 2174 956 2236 tueri
969 2188 1082 2249 possm

98 2270 130 2321 ct
150 2263 327 2337 eruptiones
348 2263 380 2323 in
400 2277 498 2338 vagos
520 2261 724 2337 populatores
742 2276 804 2321 non
822 2259 890 2320 siue
905 2257 1082 2319 vulneribus

99 2348 232 2409 nostium
246 2348 346 2409 tactae
357 2355 437 2408 sunt
460 2345 655 2407 circumvecti
665 2352 767 2406 tamen
780 2342 901 2406 moenia
912 2349 984 2403 sunt
993 2357 1083 2418 prae·

97 2445 146 2491 tor
160 2441 191 2493 et
204 2446 269 2505 rex,
284 2431 374 2492 situm
387 2430 472 2492 urbis
488 2429 746 2506 contemplantes,
766 2428 793 2489 si
810 2443 872 2505 qua
886 2433 973 2502 parte
987 2432 1085 2501 temp·

97 2523 163 2575 tare
184 2523 236 2575 aut
255 2530 351 2591 opere
371 2522 422 2575 aut
441 2515 473 2575 vi
493 2521 630 2591 possent.
660 2515 742 2575 lama
762 2513 819 2575 luit
838 2528 895 2589 per
915 2510 1084 2589 Cydantem

99 2599 275 2661 cretensem
285 2599 544 2673 ethntimacbum
557 2600 608 2675 qui
614 2598 799 2661 Demetriadi
810 2604 960 2674 praeerat,
974 2600 1082 2656 macm-

98 2690 147 2741 tas
172 2679 251 2741 inter
268 2682 425 2741 Eumenen
445 2689 477 2742 et
495 2681 609 2743 Persea
631 2684 832 2745 condiciones
852 2680 1012 2742 amicitiae.
1044 2677 1083 2740 ab

98 2762 293 2822 Demetriade
308 2771 390 2823 certe
404 2764 585 2825 abscessum
602 2773 659 2826 est.
688 2767 843 2827 Eumenes
862 2765 903 2826 ad
925 2764 1083 2825 consulem

99 2842 239 2919 navigat,
255 2845 424 2919 gratulatus
440 2848 524 2919 quod
540 2862 689 2921 prospere
702 2849 916 2910 Macedoniam
929 2848 1082 2922 intrasset,

98 2930 280 3005 Pergamum
295 2930 327 2989 in
341 2944 469 3004 regnum
483 2928 555 2989 abit
576 2929 712 2990 Marcius
721 2931 847 3005 Figulus
860 2939 984 3005 praetor
996 2939 1084 3006 parte

101 3013 211 3084 classis
226 3013 255 3073 in
279 3011 407 3075 hiberna
428 3012 585 3074 Sciathum
604 3015 701 3074 missa
723 3030 792 3076 cum
809 3014 937 3094 reliquis
952 3015 1082 3076 navibus

100 3098 211 3160 Oreum
225 3097 372 3159 Euboeae
387 3099 470 3173 petit,
486 3113 553 3157 eam
568 3097 675 3158 urbem
689 3099 879 3174 aptissimam
893 3106 987 3175 ratus,
1002 3100 1083 3160 unde

98 3182 300 3258 exercitibus,
323 3184 375 3258 qui
394 3183 423 3243 in
439 3181 622 3246 Macedonia
639 3182 755 3259 quique
769 3182 800 3243 in
814 3183 972 3245 Thessalia
986 3192 1081 3256 erant,

98 3267 172 3329 mitti
190 3274 379 3330 commeatus
393 3275 534 3343 possent.
557 3269 596 3329 de
609 3266 746 3339 Eumene
760 3283 834 3343 rege
851 3270 943 3344 longe
957 3266 1081 3328 diversa

98 3352 230 3414 tradunt
257 3353 285 3414 si
297 3351 422 3415 Valerio
436 3351 550 3413 Antiati
566 3353 686 3429 credaS,
705 3367 764 3413 nec
779 3353 880 3413 classe
894 3353 1028 3413 adiutum
1043 3346 1081 3405 ab

98 3450 136 3495 eo
159 3443 330 3510 praetorem
351 3453 438 3509 esse,
465 3452 534 3497 cum
555 3452 650 3513 saepe
672 3453 742 3497 eum
762 3438 867 3498 litteris
888 3433 1080 3501 arcessisset,

98 3518 197 3592 tradit,
213 3536 271 3580 nec
287 3536 356 3581 cum
370 3523 468 3596 gratia
481 3522 521 3581 ab
536 3523 665 3583 conside
675 3523 847 3599 proiectum
861 3519 892 3578 in
903 3516 1019 3588 Asiam,
1035 3515 1081 3573 in-
