2642 4017
221 258 285 325 ³04
391 258 588 318 ΕΡΙΤΟΜΑΕ
601 256 804 320 LIBRORUM
816 258 884 317 Liv
892 257 1028 318 —Lvii

221 408 283 461 gulia
296 404 364 447 iillum
380 404 536 447 condemnavit
549 404 719 457 ubdieavitqee,
739 416 766 446 ae
783 417 811 445 ne
831 404 902 447 iunerl
918 406 1010 460 quidem
1023 406 1085 457 eins,
1107 418 1157 447 cun
1172 417 1215 449 su.

221 460 316 516 speudio
336 460 403 501 vllam
417 457 515 509 inisset,
530 458 651 509 interluit,
664 458 791 510 sedensque
805 459 864 503 domi
880 463 1014 513 potestatem
1028 460 1214 502 consultantibus

221 528 250 557 ex
270 515 373 556 instituto
391 511 452 555 iecit.
472 512 500 557 ti.
521 511 602 554 i'abius
621 513 741 565 proconsul
760 514 828 555 rebus
847 514 869 553 in
888 513 996 566 illapsnia
1016 525 1068 566 pros
1085 525 1123 555 ere
1153 517 1213 557 estis

222 569 295 611 labem
314 567 420 619 imposuit
438 577 493 619 pace
511 578 560 607 cunr
581 565 680 607 Viriatho
699 568 779 620 aequis
797 566 964 609 condicionibus
979 566 1044 609 lacu.
1068 526 1138 609 cirisi
1155 578 1182 609 us
1199 578 1214 607 a

222 622 376 677 proditoribus
392 620 487 662 consilio
506 619 598 661 Servilii
619 620 739 672 Caepionis
751 621 890 661 interiectus
904 625 950 671 est,
972 624 995 662 et
1007 622 1037 663 ab
1051 621 1152 663 exercitu
1166 632 1212 662 uso

222 676 315 720 muitum
330 675 480 728 comploratus
492 684 519 714 te
534 675 639 715 nobiliter
652 673 764 726 sepultus,
780 678 814 715 sir
828 674 920 726 duxque
933 685 1033 727 mugnus,
1049 678 1071 716 et
1086 686 1126 729 per
1144 677 1211 728 qunt-

222 730 345 772 iuordecinn
360 737 439 777 runos,
454 727 599 780 quibuscum
613 727 720 770 liumauis
734 728 818 769 beilum
832 729 909 781 gessit,
925 728 1065 780 trequentins
1079 732 1194 779 superior.

275 783 321 826 ΙΝ.
336 783 361 825 Ρ.
377 782 481 824 cornelio
494 781 584 832 Nasica,
599 783 635 823 cui
648 792 769 835 cognomen
780 782 874 835 Serapio
888 783 930 823 luit
943 783 972 822 ab
988 782 1094 825 irridente
1106 783 1212 826 Curiatio

221 839 311 880 tribuno
324 836 398 890 piebis
411 837 546 888 impositum,
562 839 584 876 et
598 836 627 878 D·
638 836 700 878 iunio
712 835 781 877 liruto
795 835 926 879 consulibus
940 836 1049 877 dilectum
1062 835 1210 886 habentibus,

222 895 245 934 iu
265 893 386 945 conspectu
405 891 500 931 tironum
520 900 557 931 res
575 890 716 931 saluberrimi
736 889 833 943 exempli
849 890 908 931 taeta
923 893 968 931 este
990 902 1041 932 nam
1055 889 1080 932 i).
1095 891 1212 932 Matienus

221 949 339 988 accusatus
353 946 388 985 est
401 944 462 996 apud
475 944 577 984 tribunus
590 943 676 997 plebis,
692 942 752 997 quod
766 945 887 985 exercitum
901 944 923 984 in
937 944 1047 998 lilspania
1061 943 1210 992 deseruisset,

222 1001 384 1050 damnatusque
404 997 447 1039 suh
466 998 528 1038 iurca
547 997 584 1038 diu
603 997 671 1050 virgis
691 1007 770 1039 esem
789 1000 837 1047 esi,
863 1001 886 1039 et
904 999 1008 1039 sestertio
1022 1009 1112 1039 nummo
1126 998 1209 1038 veniit.

221 1052 305 1095 tribuni
320 1051 393 1104 piebis
406 1052 460 1103 quia
473 1061 517 1091 uon
532 1051 683 1103 impetrarent,
699 1054 724 1092 ut
737 1051 780 1092 sibi
795 1051 873 1102 denos,
888 1061 946 1103 quos
961 1052 1052 1101 veilent,
1068 1052 1152 1093 milites
1167 1062 1210 1091 ex·

221 1109 291 1149 iuuere
305 1104 395 1154 liceret,
415 1104 519 1145 consules
538 1106 559 1145 in
575 1115 685 1146 carcerem
700 1106 751 1146 duci
765 1107 884 1147 iusserunt.
904 1106 981 1147 lunius
994 1105 1077 1147 Brutus
1091 1104 1170 1146 oeuaul
1184 1105 1210 1145 in

221 1159 329 1213 Hispania
343 1158 384 1207 ils,
404 1160 443 1211 qui
454 1159 496 1200 sub
511 1157 612 1199 Viriatho
631 1159 792 1208 militnverant,
813 1168 877 1212 agros
891 1162 915 1200 et
931 1159 1038 1212 oppidum
1052 1158 1126 1209 dedit,
1146 1157 1210 1209 quod

223 1213 325 1255 Veientis
340 1214 443 1253 vocatum
457 1215 499 1253 est.
514 1212 546 1254 ii.
561 1212 673 1266 Popillius
687 1226 700 1254 o
713 1213 864 1263 Numantinis,
880 1224 929 1254 enm
944 1214 1026 1265 qulbus
1035 1224 1113 1268 pacem
1122 1212 1209 1253 iactam

221 1269 314 1311 senatus
327 1268 410 1308 istium
423 1265 470 1307 deri
485 1269 613 1316 censuerat,
628 1279 678 1309 eum
691 1268 791 1309 exercitu
806 1268 868 1308 lnaus
881 1266 1017 1320 fugatusque
1032 1270 1074 1308 est.
1090 1267 1116 1309 c.
1130 1265 1209 1307 liosti-

221 1323 253 1364 llo
266 1321 369 1363 liondno
390 1320 481 1362 consule
500 1319 637 1362 sucrideaute
655 1319 713 1373 puiil
733 1332 761 1361 ex
781 1331 850 1362 cavea
869 1321 1027 1370 evolaverunt,
1046 1319 1209 1364 conscendenti

222 1376 304 1419 deinde
317 1375 396 1425 naum,
412 1375 437 1415 ut
447 1375 469 1415 in
478 1374 608 1427 iiispaulum
619 1374 804 1428 promitteretur,
818 1374 902 1415 accidit
912 1386 956 1415 sox
970 1384 1058 1425 „mane
1073 1375 1207 1416 blancise“r

223 1442 279 1526 ⁴5³⁰
294 1427 664 1535 {iiiiiilifi'tc‘iiil
674 1428 1209 1525 iiiiiieinii‘ai'ffi:eliciti

222 1500 235 1527 e
259 1495 297 1527 css
383 1495 397 1524 u
442 1513 448 1532 ,
468 1495 480 1523 c
598 1495 612 1522 n
687 1494 699 1523 c
822 1494 834 1523 ο
986 1513 993 1532 ,
1108 1495 1120 1522 ο

221 1540 276 1583 iecit
290 1537 469 1590 ignominiosam,
484 1547 550 1588 uuam
564 1540 635 1578 mum
648 1547 700 1578 esse
714 1538 805 1578 senatus
819 1536 899 1577 vetuit.
915 1536 1006 1588 viginta
1013 1494 1081 1577 ¹:uilia
1094 1536 1207 1578 Romano·

222 1603 269 1636 rum
288 1602 302 1632 a
320 1591 504 1633 Numantinorum
521 1589 610 1632 milibus
628 1594 736 1642 quattuor
756 1590 815 1631 sicta
829 1592 899 1630 erant.
923 1590 953 1630 il.
973 1590 1049 1632 lunius
1068 1589 1207 1632 buntaulam

222 1646 312 1698 ‚siginta
330 1645 416 1687 urbium
435 1645 637 1697 expugnationibus
655 1654 727 1697 usque
741 1643 770 1684 ad
784 1654 886 1687 occasum
900 1644 924 1683 et
938 1643 1051 1685 oceanum
1081 1641 1207 1693 erdornuit3

222 1703 308 1742 etcum
323 1697 414 1740 durium
428 1697 568 1739 Oblivionem
583 1700 679 1741 mansire
697 1697 795 1747 nollent,
816 1701 917 1791 ereptum
931 1697 1038 1750 signifero
1074 1708 1138 1749 gnum
1155 1699 1207 1749 ipse

222 1749 345 1800 transtulit,
360 1753 429 1794 etsie
444 1756 530 1793 uttran
559 1751 689 1794 redereutur
719 1751 823 1794 ersussit.
838 1750 959 1793 Aenandri
974 1750 1047 1801 lilius,
1062 1761 1103 1792 rex
1116 1750 1206 1803 Syriae,

224 1806 301 1847 decem
320 1814 392 1846 annos
410 1762 644 1856 admodo-'hubam
664 1817 678 1847 a
714 1805 802 1854 iodoto‚
821 1806 860 1857 qui
874 1803 979 1858 Tryphon
1000 1805 1206 1857 cognominabitur,

222 1863 294 1902 tutore
308 1868 361 1905 suo,
382 1869 422 1909 per
435 1858 534 1900 iraudem
549 1860 637 1902 occisus
651 1861 687 1901 eat
700 1861 811 1911 corruptio
829 1858 932 1907 medicis,
952 1860 991 1911 qul
1005 1870 1055 1900 eum
1070 1859 1150 1900 calculi
1166 1857 1207 1898 du-

223 1914 270 1956 iore
284 1914 384 1954 consumi
398 1911 427 1952 ad
442 1913 548 1967 populum
563 1914 657 1963 mentiti,
673 1913 724 1955 dum
738 1915 822 1962 meant,
838 1910 974 1953 occiderunt.

275 1965 329 2009 invi.
345 1967 374 2007 D.
390 1967 466 2010 iunius
480 1969 562 2010 Brutus
576 1969 598 2008 ln
613 1967 722 2019 Hispania
735 1966 841 2008 ulteriore
854 1966 950 2007 feliciter
962 1966 1072 2009 aduersus
1087 1965 1207 2009 Gallaecos

223 2022 337 2076 pugnavit.
363 2020 467 2064 dissimili
486 2026 568 2063 euentu
586 2023 618 2062 ni.
636 2021 746 2063 Aemilius
763 2019 862 2086 Lepidus
881 2020 1002 2072 proconsul
1021 2020 1130 2063 armeus
1150 2020 1205 2060 Vac-

222 2072 1071 2182 iiiiiiitlnlmiilllilll'iiliiiitwinil
1081 2074 1207 2169 tillim

223 2186 311 2233 luisset.
322 2184 412 2226 deditus
422 2183 565 2227 Numantinis
579 2194 623 2224 non
639 2185 675 2225 est
688 2184 800 2234 receptus.
814 2181 909 2223 lustrum
923 2193 937 2221 a
951 2182 1082 2224 censoribus
1090 2181 1205 2223 conditum

223 2242 268 2282 esi:
284 2250 352 2281 censs
365 2242 418 2280 sunt
431 2239 513 2280 cisium
526 2240 600 2291 capita
636 2239 715 2277 ecenta
729 2235 888 2287 septemdecim
902 2235 969 2285 milis,
985 2237 1098 2288 nongento
1112 2236 1205 2287 trigintu

223 2294 274 2336 trie.
287 2291 380 2333 Fuluius
390 2292 484 2335 Flaccus
497 2292 575 2335 consui
631 2289 698 2332 ducos
713 2291 735 2330 ln
749 2288 839 2341 illyrico
850 2289 946 2340 subegit.
961 2290 993 2331 ni.
1004 2289 1129 2332 Cosconius
1139 2299 1204 2342 prae·

224 2350 258 2388 tor
272 2346 294 2386 in
308 2343 402 2386 Threcia
415 2357 464 2387 cam
477 2344 604 2388 Scordiscis
622 2355 675 2396 pros
692 2354 729 2385 ere
747 2344 862 2396 pugnauit.
882 2354 931 2384 eum
946 2343 1030 2386 bellum
1044 2342 1204 2385 Numantinum

223 2400 278 2442 sitio
297 2398 377 2440 dueum
396 2411 440 2440 non
458 2401 506 2441 sine
541 2398 610 2440 odore
628 2356 718 2450 pnbflco
738 2396 841 2448 duraret,
861 2395 949 2438 delatus
968 2400 1004 2439 est
1024 2396 1083 2439 uitro
1101 2396 1205 2449 Scipioni

222 2455 326 2497 Africano
341 2463 354 2492 a
367 2455 447 2494 senatu
461 2412 591 2505 populoque
603 2451 703 2493 liomano
718 2450 860 2501 consulatust
879 2461 945 2503 quem
964 2462 1013 2492 cum
1031 2449 1065 2491 iili
1080 2461 1160 2503 capere
1174 2451 1204 2490 ob

223 2508 306 2561 legem,
325 2516 382 2559 qnae
404 2506 493 2546 vetabat
511 2516 644 2557 quemquam
662 2505 741 2546 lterum
762 2505 876 2548 consulem
890 2504 950 2555 deri,
974 2515 1017 2545 non
1033 2504 1121 2554 liceret,
1144 2504 1205 2546 sicut

223 2560 291 2614 priori
306 2558 436 2607 consulatu,
456 2557 544 2610 iegibus
557 2558 645 2601 solutus
659 2562 703 2600 est.
729 2557 813 2600 belluni
828 2557 911 2602 servile
925 2559 947 2600 in
960 2558 1040 2601 Sicilia
1054 2562 1138 2608 orium,
1153 2570 1204 2600 cnm

222 2611 926 2720 iiiiiininiiiiiit'itii‘ininiiintl‘ii
935 2612 1063 2708 illiti:
1077 2610 1204 2718 ciiii

646 2694 652 2714 l

221 2728 337 2764 serrorum
352 2728 417 2759 manu
431 2719 455 2757 et
467 2719 549 2761 solutis
564 2717 685 2772 esctun·
695 2720 747 2763 iusti
757 2721 871 2764 exercitus
881 2731 996 2762 numerum
1005 2719 1115 2773 implerit.
1130 2719 1204 2760 Gieon

222 2771 517 2881 iiii‘ntllitiiln
531 2773 1074 2881 iliiililiiitiii'itt‘iiiiii
1093 2777 1116 2815 ‘⁶
1130 2774 1204 2827 “⁰⁹¹³

275 2880 339 2922 invti.
359 2880 436 2934 Scipio
450 2880 567 2925 Ainunus
580 2882 723 2924 Numantiam
737 2882 838 2932 obsedit,
854 2885 877 2924 et
891 2884 1018 2936 corruptum
1032 2882 1124 2924 lieentia
1137 2881 1202 2923 iuun-

222 2936 299 2988 riuque
313 2936 435 2976 exercitum
449 2936 477 2977 ad
492 2938 656 2980 severissimam
671 2937 763 2979 militiae
778 2936 918 2988 disciplinam
933 2936 1055 2978 revocavit.
1076 2937 1150 2977 omnia
1164 2935 1202 2976 de·

221 2989 321 3030 licisruru
334 2990 481 3031 instrumenta
494 2991 597 3040 remitit,
617 2990 661 3032 duo
676 2991 737 3032 mllio
750 2993 875 3034 scortorum
888 3002 902 3031 a
916 2991 997 3033 cutris
1011 2990 1089 3040 eiecit,
1109 2988 1202 3031 militem

222 3041 323 3096 qnotidie
341 3044 363 3083 in
382 3054 450 3097 opere
467 3043 558 3097 habult,
580 3048 604 3086 et
617 3043 709 3097 triginta
723 3044 806 3086 dierum
821 3043 953 3087 trumentum
967 3042 996 3086 ad
1010 3055 1034 3087 se
1052 3046 1116 3087 tenos
1130 3043 1203 3085 vallos

222 3098 280 3138 [οπο
294 3096 394 3149 cogebet,
408 3109 474 3150 aegre
488 3102 579 3153 propter
593 3110 649 3142 onus
663 3098 777 3140 incedenti
791 3097 892 3148 dicebat,
907 3110 976 3148 „cum
991 3097 1028 3151 gia
1052 3109 1066 3138 o
1080 3101 1102 3139 te
1117 3096 1204 3139 vallare

221 3150 310 3198 scleris,
333 3150 416 3192 vallum
436 3152 494 3194 ierre
512 3153 617 3196 desinite,
624 3158 639 3178 “
653 3154 692 3194 nili
706 3157 794 3195 scutum
808 3163 884 3206 perum
899 3152 1005 3194 habiliter
1018 3151 1101 3194 serenti
1114 3153 1203 3193 scutum

221 3205 317 3257 amplius
330 3204 390 3247 lusto
405 3206 463 3248 terre
477 3206 555 3249 inseiis
574 3217 647 3258 neque
661 3206 686 3248 id
699 3219 724 3250 se
738 3205 911 3261 reprehendere,
931 3205 1019 3259 quando
1039 3206 1119 3248 melius
1138 3209 1204 3248 scuto

221 3270 287 3310 quem
301 3257 375 3311 gladio
389 3262 497 3303 uteretur.
513 3270 579 3312 quem
593 3260 686 3302 militem
700 3263 765 3302 extra
779 3260 879 3302 ordinem
891 3260 1043 3313 deprehendit,
1059 3261 1079 3302 sl
1088 3259 1203 3302 Romanus

221 3315 291 3364 esset,
307 3312 397 3359 sitibus.
412 3315 432 3355 si
447 3315 574 3363 extraneus,
589 3312 687 3355 luctibus
701 3313 789 3355 cecidit.
804 3316 903 3356 iumenta
916 3314 997 3364 omnia,
1013 3325 1041 3355 ne
1054 3317 1204 3355 exonerarent

222 3366 325 3417 militem,
349 3365 458 3408 vendidit.
482 3378 551 3419 saepe
569 3366 678 3409 aduersus
697 3369 826 3419 eruptiones
845 3367 942 3411 hostlum
968 3367 1063 3409 ieilciter
1086 3370 1203 3420 pugnavit.

221 3415 315 3462 Vuecael
330 3422 430 3471 obsessi,
446 3419 524 3462 liberis
538 3420 713 3472 coniugibusque
731 3421 854 3471 trucidatis,
865 3423 913 3474 ipsi
926 3433 952 3463 se
967 3424 1134 3466 interemerunt,
1154 3421 1203 3463 sni·

219 3474 259 3522 pio
272 3475 409 3527 amplissime
423 3484 513 3515 munera
527 3475 594 3515 missa
608 3474 651 3516 sibi
666 3474 692 3515 eb
707 3473 817 3516 Antiocho
830 3484 883 3526 rege
896 3473 981 3527 Syriae,
996 3485 1046 3515 cum
1059 3472 1133 3515 celare
1150 3475 1205 3517 allis

221 3524 391 3580 imperatoribus
407 3539 483 3582 regum
498 3537 588 3569 munera
607 3538 654 3568 mos
667 3530 739 3578 esset,
758 3537 799 3580 pro
818 3528 924 3569 tribunsli
944 3530 1086 3582 accepturam
1105 3539 1131 3570 se
1151 3526 1215 3571 easex
