2642 4017
251 277 294 339 32
391 278 507 339 LIBER
520 279 652 338 XXXIX.
676 280 758 339 CAP.
772 288 816 342 34.
827 290 871 344 35.
894 283 930 360 [a.
941 289 976 342 U.
990 306 1015 346 c.
1026 291 1090 358 568]

247 433 341 494 culsis
363 434 503 493 omnibus
524 440 639 494 terrore
657 442 718 495 tarn
732 435 862 495 recentis
879 436 998 509 eaediS,
1021 437 1172 497 neminem
1187 439 1235 499 hi·

246 533 334 578 scere
346 516 496 577 adversus
508 532 544 576 se
555 534 710 577 ausurum.
726 533 839 593 negare
850 519 971 594 Appius
982 535 1047 579 rem
1058 520 1234 583 evidentem

247 616 303 676 pro
319 600 412 660 dubia
427 602 658 676 quaerendam:
673 602 700 661 si
715 601 753 660 ab
769 618 805 662 se
819 603 941 677 culpam
954 618 1115 663 removere
1129 606 1233 681 vellet,

247 684 445 745 Onomastum
465 691 495 743 et
509 684 713 757 Casandrum,
736 701 792 759 per
813 703 892 761 quos
915 694 982 745 acta
1003 702 1054 747 res
1069 687 1232 761 diceretur,

246 769 377 828 mitteret
385 769 523 841 Romam,
538 775 572 828 ut
585 784 640 828 eos
657 774 782 829 senatus
795 770 986 844 percunctari
998 778 1116 844 posset.
1133 773 1233 846 primo

246 853 324 913 adeo
343 851 532 926 perturbavit
547 867 584 911 ea
597 869 660 912 vox
674 868 792 927 regern,
814 858 923 913 utnon
939 854 1039 928 color,
1055 870 1117 914 non
1131 856 1234 916 vultus

247 935 275 996 ei
296 941 466 1004 constaret,
489 936 600 996 deinde
623 937 750 996 collecto
770 936 893 996 tandem
915 936 1015 997 animo
1034 937 1234 1012 Casandrum,

248 1019 299 1092 qui
306 1019 471 1078 Maroneae
485 1017 603 1090 luisset,
621 1020 647 1079 si
661 1020 767 1094 utique
778 1019 899 1093 vellent,
914 1036 949 1080 se
961 1021 1125 1080 missurum
1141 1021 1235 1082 dixit=

250 1102 289 1161 ad
305 1099 503 1163 Onomastum
524 1102 647 1177 quidem
663 1102 737 1179 quid
752 1118 820 1163 eam
833 1119 897 1163 rem
913 1103 1081 1178 pertinere,
1104 1104 1157 1180 qui
1172 1122 1236 1167 non
1311 1121 1312 1180 j

248 1186 340 1245 modo
360 1186 540 1260 Maroneae,
565 1187 622 1246 sed
648 1203 687 1246 ne
707 1184 737 1245 in
762 1188 889 1261 regione
914 1186 1036 1261 quidem
1059 1188 1235 1287 propinqua
1311 1189 1312 1194 ’

248 1268 378 1329 luissett
399 1275 429 1328 et
445 1270 590 1343 parcebat
604 1249 702 1344 magis
719 1268 900 1344 Onomasto,
921 1269 1110 1332 honoratiori
1125 1272 1235 1348 emico,

249 1359 279 1413 et
293 1353 424 1412 eundern
439 1353 571 1413 indicem
584 1352 668 1413 haud
682 1355 775 1429 paulo
790 1357 861 1429 plus
875 1317 1012 1429 timebat,
1035 1355 1107 1430 quia
1121 1356 1174 1415 et
1166 1372 1236 1454 ipse

249 1452 423 1499 sermonem
445 1452 515 1496 cum
536 1453 573 1497 eo
597 1439 767 1497 contulerat
787 1445 817 1497 et
837 1439 999 1499 multorum
1021 1437 1124 1498 talium
1145 1439 1234 1499 mini·

250 1527 346 1580 strum
363 1527 393 1581 et
408 1520 568 1580 conscium
582 1520 723 1580 habebat.
747 1522 902 1582 Casander
914 1537 1048 1597 quoque,
1064 1522 1167 1582 missis
1181 1522 1235 1597 qui

250 1620 306 1679 per
318 1604 444 1679 Epirum
465 1604 505 1663 ad
525 1621 608 1665 mare
630 1612 893 1679 prosequerentur
911 1621 996 1675 eum,
1018 1620 1057 1664 ne
1077 1622 1139 1681 qua
1156 1606 1235 1666 indi-

251 1687 331 1747 cium
343 1696 506 1760 emanaret,
522 1704 641 1748 veneno
654 1688 788 1748 ereditur
798 1688 945 1749 sublatus.
967 1687 1086 1748 XXXV.
1102 1693 1133 1748 et
1144 1690 1235 1765 legati

250 1769 413 1845 aPhilippi
434 1771 587 1845 colloquio
609 1773 650 1833 ita
672 1772 803 1847 digressi
824 1780 911 1845 sunt,
932 1779 964 1831 ut
981 1788 1055 1846 prae
1070 1788 1105 1831 se
1122 1773 1237 1834 ferrent

249 1854 323 1913 nihil
339 1869 445 1915 eorum
460 1854 518 1914 sibi
532 1858 671 1930 placere;
694 1863 725 1916 et
737 1856 896 1931 Philippus
911 1856 1032 1915 minime
1048 1854 1120 1930 quin
1136 1857 1236 1916 rebel-

251 1937 374 1998 landum
395 1947 479 2000 esset
498 1938 625 2013 dubiuS,
647 1939 720 2013 quia
739 1947 839 1999 tamen
860 1938 1038 1999 immaturae
1052 1939 1138 1998 adid
1152 1940 1236 2000 vires

251 2028 344 2093 erant,
354 2023 516 2082 admoram
527 2021 969 2096 interponendamDemetrium
981 2022 1128 2083 minorem
1140 2023 1236 2082 filiurn

248 2104 369 2164 mittere
382 2105 509 2163 Romam
530 2105 619 2164 simul
635 2106 675 2165 ad
690 2107 849 2181 purganda
864 2106 1003 2182 crimina,
1024 2106 1113 2166 simul
1128 2107 1168 2166 ad
1183 2108 1235 2166 de·

252 2186 438 2263 precandam
449 2187 525 2247 iram
539 2196 663 2249 senatus
676 2191 786 2263 statuit,
804 2191 878 2251 satis
891 2191 1021 2251 credens
1032 2190 1134 2265 ipsum
1145 2190 1236 2251 etiarn

252 2270 407 2345 iuvenem,
427 2271 511 2348 quod
525 2274 641 2333 Romae
656 2274 750 2333 obses
765 2273 921 2348 specimen
937 2273 1049 2335 indolis
1063 2274 1167 2348 regiae
1182 2274 1236 2333 de

252 2355 363 2427 disset,
390 2353 507 2432 aliquid
527 2359 671 2418 momenti
692 2358 851 2418 iacturam.
867 2359 1000 2418 interim
1023 2373 1078 2433 per
1099 2357 1236 2431 speciem

252 2437 357 2499 auxilii
367 2440 525 2517 Byzantiis
540 2441 667 2516 ferendi,
682 2457 717 2501 re
732 2441 800 2516 ipsa
812 2441 852 2501 ad
862 2447 1007 2502 terrorem
1018 2440 1132 2515 regulis
1143 2440 1237 2501 Thm-

252 2539 321 2582 cum
344 2523 527 2582 iniciendum
553 2526 727 2599 proiectus,
753 2524 904 2601 perculsis
925 2526 962 2586 iis
984 2541 1046 2585 uno
1068 2525 1186 2598 proelio
1208 2532 1239 2584 et

250 2605 409 2665 Amadoco
425 2606 502 2664 duce
517 2613 607 2681 capto
622 2606 652 2668 in
668 2607 879 2670 Macedoniarn
894 2608 997 2682 rediit,
1013 2607 1116 2668 missis
1131 2607 1171 2666 ad
1185 2623 1237 2666 ac·

252 2688 336 2747 colas
351 2685 444 2747 Histri
466 2687 598 2751 fluminis
619 2692 783 2766 barbaros,
805 2699 839 2753 ut
853 2692 882 2750 in
897 2692 1011 2753 ltaliam
1026 2692 1237 2765 irrumperent,

252 2770 474 2849 sollicitandos.

334 2855 373 2914 Et
386 2854 416 2914 iu
430 2855 644 2931 Peloponneso
666 2860 815 2919 adventus
830 2860 1036 2918 Romanorum
1056 2858 1236 2931 legatorum,

253 2937 305 3013 qui
326 2955 366 2999 ex
379 2938 561 3010 Macedonia
580 2941 610 3000 in
624 2942 772 3003 Achaiam
793 2942 836 3001 ire
858 2941 935 3002 iussi
950 2948 1050 3011 erant,
1072 2946 1236 3015 exspecta-

251 3023 356 3092 batur3
389 3023 539 3085 adversus
566 3041 645 3101 quos
666 3033 699 3085 ut
718 3032 900 3101 praeparata
926 3026 1054 3085 consilia
1079 3023 1236 3097 haberent,

250 3105 401 3182 Lycortas
416 3113 541 3182 praetor
556 3108 717 3169 concilium
733 3108 849 3168 indixit.
872 3108 914 3168 ibi
930 3109 969 3169 de
983 3107 1236 3168 Lacedaemoniis

252 3195 367 3249 actum:
390 3206 429 3249 ex
448 3190 589 3252 hostibus
604 3209 658 3253 eos
674 3200 870 3253 accusatores
886 3192 999 3266 taetoS,
1021 3199 1052 3251 et
1066 3190 1237 3267 periculum

251 3288 338 3347 esse,
362 3289 400 3332 ne
414 3274 485 3334 victi
500 3276 597 3350 magis
612 3277 736 3336 timendi
750 3277 865 3347 forent,
888 3292 979 3350 quam
997 3275 1145 3335 bellantes
1161 3272 1236 3334 iuis·

252 3364 329 3418 sent.
351 3357 467 3433 quippe
481 3357 512 3418 in
527 3357 607 3420 bello
623 3360 717 3420 sociis
728 3360 872 3419 Romanis
886 3359 1030 3420 Achaeos
1045 3374 1138 3419 usos=
1154 3372 1236 3417 nune

251 3442 378 3502 eosdem
389 3443 546 3504 Romanos
561 3444 722 3518 aequiores
735 3442 986 3504 Lacedaemoniis
999 3459 1090 3518 quam
1101 3440 1235 3501 Achaeis

251 3540 337 3601 esse,
358 3525 412 3587 ubi
425 3528 527 3588 Areus
548 3527 635 3588 etlam
651 3534 682 3587 et
695 3526 886 3600 Alcibiades,
909 3526 998 3587 ambo
1013 3528 1154 3600 exsules,
1177 3540 1234 3585 suo
