2642 4017
251 273 365 335 LIBdR
377 273 508 356 XXXIX,
532 274 615 336 cAP.
631 284 732 337 1c.1s.
753 278 911 355 [sum]
1029 275 1071 343 lb

102 427 274 503 capitalibus
292 427 468 488 mandatum
483 434 539 499 est,
554 433 587 488 ut
599 424 722 502 vigilias
736 426 937 503 disponerent
950 444 1007 504 per
1020 446 1070 491 ur·

101 511 165 572 bem
178 512 410 587 seruarentque,
432 526 471 572 ne
486 510 538 586 qui
552 510 693 572 nocturni
708 517 816 572 coetus
830 510 955 581 fierent;
977 519 1072 589 utque

100 594 135 655 ab
153 593 301 656 incendiis
321 602 498 668 caveretur,
520 595 676 656 adiutores
696 594 862 657 uiumviris
878 594 1072 671 quinqueviri

100 678 138 739 uti
147 677 328 740 cisTiberim
339 693 415 741 suae
425 677 559 755 quisque
572 677 708 755 regionis
718 678 869 741 munaus
880 689 1071 754 praeessent

172 763 237 823 XV.
258 764 311 825 Ad
324 762 402 825 baec
416 762 519 824 allicio
532 762 669 825 dimissis
683 763 911 839 manicantibus
926 765 1072 826 consules

99 847 245 908 inllustro
254 846 470 921 escenderunt,
484 853 516 906 et
526 847 670 909 condono
680 848 833 909 advocata
843 863 912 910 cum
923 848 1073 909 sollemne

99 945 211 992 carmen
231 930 436 1008 precationis,
457 931 543 1007 quod
559 932 708 1007 praelati,
729 931 909 1008 priusquam
923 932 1072 1010 populum

99 1013 309 1090 adloquantur,
338 1013 533 1091 magisuatus
554 1016 662 1091 solent,
688 1015 861 1091 peregisset
881 1016 1005 1091 consul,
1030 1016 1072 1076 ita

99 1099 199 1174 coepb.
225 1098 323 1175 „nulli
338 1113 483 1174 amquam
500 1098 644 1172 cunboni,
661 1099 800 1173 Quirites,
814 1106 876 1160 ιιιιιι
892 1117 954 1163 nou
970 1101 1071 1162 solum

43 1213 47 1230 ι
98 1187 162 1256 apta
174 1184 231 1243 sed
253 1184 344 1245 edam
364 1181 543 1244 necessaria
562 1182 641 1244 baec
660 1184 818 1246 sollemnis
838 1183 967 1246 deorum
988 1198 1070 1246 com·

98 1265 225 1340 precatio
247 1267 319 1341 luit,
340 1281 420 1343 quae
442 1283 499 1328 vos
519 1266 699 1329 admoneret
718 1266 777 1329 bos
791 1283 864 1329 esse
877 1269 971 1339 deos,
990 1281 1070 1343 quos

98 1351 193 1411 colere
217 1349 360 1413 venerari
383 1348 568 1427 precarique
592 1350 725 1412 maiores
746 1351 840 1414 vestri
858 1350 1070 1424 instituissent,

97 1449 152 1493 non
167 1433 235 1497 illos
251 1432 307 1510 qui
319 1434 424 1510 pravis
435 1442 466 1495 ct
476 1434 612 1496 externis
622 1433 823 1512 religionibus
834 1442 943 1511 captas
953 1440 1071 1496 mentm

97 1518 171 1578 velut
184 1517 347 1581 furialibus
361 1516 492 1580 stimulis
506 1519 547 1599 ad
561 1535 651 1579 omne
663 1520 766 1580 scelus
779 1524 810 1580 et
821 1518 861 1579 ad
875 1532 996 1579 omnem
1006 1516 1071 1578 libi·

97 1597 188 1661 ιιιιιιιιι
210 1609 349 1678 aemam
379 1602 523 1677 equidem
542 1618 601 1664 nec
624 1600 700 1677 quid
713 1609 833 1663 accam
847 1617 905 1664 uec
920 1607 1072 1678 quatenus

98 1686 257 1762 proloquar
271 1683 405 1746 invenio.
428 1686 455 1746 si
470 1685 586 1762 aliquid
600 1684 790 1761 lmorabitis,
806 1699 845 1746 ne
855 1688 957 1749 locum
968 1686 1071 1763 negle
1133 1698 1138 1706 ·

96 1769 206 1840 genuae
220 1771 303 1844 dem,
318 1769 346 1829 si
359 1770 462 1830 omnia
471 1770 640 1845 nudavere,
653 1783 694 1828 ne
705 1768 828 1830 nimium
837 1770 963 1832 terroris
974 1770 1071 1832 offun-

97 1850 160 1912 dam
178 1854 286 1926 vobis,
307 1867 427 1913 veram.
464 1852 615 1929 quidquid
635 1852 758 1927 dumo,
780 1852 880 1915 minus
902 1869 994 1930 quam
1014 1869 1071 1930 pro

96 1936 246 1999 auocitate
267 1943 298 1998 et
314 1936 523 2012 magnitudine
542 1936 588 1996 rei
608 1935 721 1997 dictum
743 1936 853 1996 scitote
869 1951 958 1997 esse=
985 1944 1019 1997 ut
1033 1936 1070 1997 ad

97 2023 263 2082 cavendum
282 2022 358 2081 satis
378 2021 432 2092 sit,
455 2018 576 2082 dabitur
591 2034 688 2095 opera
701 2036 721 2080 a
734 2017 835 2080 nobis.
867 2018 1073 2080 Bacchanalia

96 2108 153 2163 tota
174 2105 234 2165 iam
257 2103 376 2179 pridem
395 2104 482 2164 ltalia
502 2112 532 2164 et
551 2119 633 2165 nunc
654 2119 710 2179 per
728 2103 836 2165 urbem
859 2104 948 2165 etiam
969 2102 1071 2165 multis

96 2184 166 2248 locis
185 2202 276 2263 esse,
295 2203 357 2248 non
379 2189 461 2248 lama
473 2186 566 2249 modo
581 2189 743 2264 accepisse
756 2203 816 2248 vos
831 2188 890 2248 sed
903 2186 1071 2263 crepitibus

95 2267 177 2331 etiarn
197 2270 430 2347 ululatibusque
449 2272 621 2344 nocturnis,
643 2270 697 2347 qui
717 2276 889 2347 personant
908 2279 972 2332 tota
985 2270 1071 2344 urbe,

96 2361 205 2415 certum
223 2354 344 2424 habeo,
366 2362 501 2417 ceterum
516 2369 597 2431 quae
616 2370 654 2415 ea
667 2370 719 2415 res
738 2354 792 2427 sit,
815 2355 973 2430 ignorares
994 2351 1071 2413 alios

96 2436 215 2500 deorum
229 2438 365 2513 aliquem
379 2439 509 2512 cultum,
528 2439 609 2499 alios
621 2453 805 2501 concessum
819 2437 924 2497 ludum
938 2443 969 2497 et
980 2435 1071 2496 lasci·

95 2520 170 2581 uam
188 2522 317 2583 credere
336 2538 423 2596 esse,
443 2530 475 2583 et
493 2523 717 2598 qualecumque
736 2521 791 2596 sit,
810 2522 850 2582 ed
871 2535 989 2597 paucos
1003 2533 1071 2595 per·

96 2601 194 2666 unere.
230 2606 316 2680 quod
342 2606 384 2666 ad
401 2606 623 2668 multitudinem
642 2621 748 2666 eorum
768 2604 889 2678 attinet,
915 2603 943 2665 si
963 2603 1071 2664 dixero

96 2691 182 2749 multa
195 2687 280 2749 milia
293 2688 449 2750 bominum
460 2705 542 2764 esse,
556 2690 638 2751 illico
648 2704 779 2751 necesse
790 2695 839 2749 est
849 2685 1072 2760 exterreamini,

97 2769 150 2830 nisi
169 2773 340 2834 adiunxero
357 2774 409 2848 qui
430 2774 602 2849 qualesque
622 2773 692 2834 sint
719 2773 849 2848 primum
863 2769 953 2846 igitur
966 2770 1071 2830 mulie

96 2868 158 2914 rum
170 2872 283 2931 magna
295 2873 369 2933 pars
384 2866 447 2930 est,
469 2866 500 2918 et
513 2855 541 2918 is
555 2858 625 2917 lons
639 2855 710 2916 mali
724 2855 853 2917 huiusce
866 2852 936 2925 luit3
960 2852 1071 2914 deinde

97 2937 232 3000 simillimi
246 2938 367 3001 leminis
382 2956 499 3014 mares,
521 2940 649 3017 stuprati
664 2948 693 3000 ct
708 2945 968 3014 constupratores,
986 2937 1070 2997 lana·

97 3016 143 3081 tici
152 3022 272 3098 vigiliis,
284 3022 367 3096 vino,
380 3022 557 3099 strepitibus
566 3022 814 3099 clamoribusque
824 3020 982 3083 nocturnis
994 3028 1070 3083 atta-

97 3100 154 3164 niti.
174 3107 274 3168 nulus
288 3106 391 3169 adbuc
404 3107 487 3170 vires
503 3106 687 3181 coniuratio,
702 3115 838 3167 ceterum
852 3104 1071 3166 incrementum

98 3185 198 3261 ingens
220 3191 330 3253 virium
343 3190 451 3265 habet,
473 3193 559 3267 quod
573 3191 604 3251 in
619 3191 686 3252 dies
700 3192 806 3267 plures
820 3189 904 3251 flunt.
939 3189 1071 3250 maiores

98 3274 184 3333 vestri
198 3290 238 3335 ne
251 3291 310 3336 vos
326 3275 465 3351 quidem,
480 3273 542 3337 nisi
557 3291 626 3335 cum
640 3280 695 3336 aut
707 3275 819 3334 vexillo
834 3275 865 3333 in
880 3287 952 3333 arce
967 3270 1070 3347 posito

100 3357 280 3419 comitiorum
295 3374 391 3419 causa
405 3360 560 3420 exercitus
574 3358 704 3421 eductus
720 3366 814 3433 esset,
834 3363 886 3418 cut
899 3355 983 3432 plebi
998 3369 1070 3413 can-

99 3434 191 3501 cilium
209 3442 321 3504 tribuni
335 3442 521 3519 edixissent,
543 3449 595 3503 aut
609 3442 720 3518 aliquis
735 3457 775 3502 ex
788 3437 1015 3516 magistratibus
1030 3434 1070 3494 ad

101 3525 263 3588 contionem
277 3535 431 3596 vocasset,
448 3527 526 3587 torte
540 3535 656 3588 temere
670 3523 754 3587 coba
766 3526 945 3589 voluerunt;
959 3524 990 3579 et
1003 3517 1068 3579 ubi·
