2642 4017
245 255 306 319 102
407 252 523 314 LIBER
536 251 638 311 XLIII.
665 245 748 311 GAP.
761 257 789 312 l.
801 258 827 311 5.
852 254 1047 323 [e·U.e.582]

246 412 309 469 este
337 411 369 464 et
387 409 474 464 erant
492 400 545 479 qui
564 402 683 476 legatos
704 399 868 461 mittendos
888 399 931 461 ed
948 414 1057 475 oseem
1077 397 1228 475 precibus

246 487 410 567 pooeudom
430 491 607 553 coessenti
636 484 839 558 eivimtcsquc
858 483 1034 558 complures
1055 498 1093 544 eo
1116 482 1228 543 nuntio

247 573 351 635 audito
368 571 400 633 in
421 567 606 631 deditionem
621 574 781 629 venerunt.
806 566 917 642 quibus
932 565 1134 642 purgantibus
1152 580 1228 627 sese

247 659 431 732 omnemque
451 652 481 712 in
507 651 638 713 ducrum
658 648 823 713 maenum
848 649 1089 723 conferentibus,
1116 649 1170 724 qui
1191 662 1230 711 se

246 743 327 803 ultro
347 738 387 801 ad
404 751 536 811 poenam
556 734 616 810 ipsi
637 734 834 808 abnuissent,
856 748 925 795 cum
945 733 1067 795 venium
1085 733 1229 796 dedisset

248 829 388 901 praetcr,
411 820 569 894 proiectus
584 818 739 893 extemplo
752 817 794 879 ad
808 816 885 881 elias
900 814 1056 889 civitates,
1081 816 1228 879 omnibus

247 906 398 983 imperata
411 902 593 965 facientibus
607 900 712 976 quieto
727 899 865 963 exercitu
878 904 1021 976 pacatum
1034 914 1151 975 agrum
1173 899 1229 974 qui

248 991 342 1066 perdo
358 992 427 1047 ante
440 983 555 1059 ingenti
568 985 699 1046 tumultu
712 990 838 1057 arserat,
856 983 1038 1059 uemqmvit
1059 982 1136 1045 bueo
1151 981 1228 1043 leni·

248 1080 297 1132 tes
311 1067 472 1146 praetoris,
488 1083 550 1143 que
565 1067 632 1130 sine
644 1067 796 1142 sanguiue
805 1065 1028 1129 ferocissimam
1038 1072 1160 1141 gentem
1171 1065 1227 1129 dc

249 1158 383 1225 mearat,
406 1167 444 1212 ec
459 1150 575 1227 greum
590 1151 674 1226 plebi
688 1150 890 1226 patribusque
904 1150 974 1223 tuit,
996 1165 1059 1225 quo
1072 1147 1228 1211 crudelius

250 1235 436 1310 surdusque
456 1233 487 1297 in
509 1234 638 1297 Graecia
656 1234 801 1297 bellatum
821 1240 853 1295 et
870 1234 910 1296 ab
924 1234 1052 1297 consule
1065 1230 1182 1293 Licinio
1198 1238 1230 1293 et

251 1322 291 1385 ub
302 1319 444 1383 Lucretio
465 1324 608 1395 praetore
627 1324 703 1381 eret.
729 1318 902 1379 Lucretium
921 1315 1033 1379 tribuni
1052 1313 1153 1395 plebis
1174 1315 1229 1375 ab·
1312 1370 1313 1385 ,

252 1413 369 1466 sentem
384 1401 578 1465 contionibus
593 1401 732 1461 adsiduis
747 1400 931 1472 lacerabant,
947 1416 1016 1460 cum
1030 1398 1230 1473 reipublicae

251 1504 348 1551 cause
368 1486 481 1547 abesse
501 1491 717 1549 excusaretur-r
749 1484 806 1544 sed
831 1490 894 1547 tum
914 1483 994 1545 odeo
1013 1483 1116 1545 vicina
1135 1482 1229 1541 etiam

251 1572 443 1647 inexplorata
463 1575 564 1643 erant,
586 1575 620 1631 ut
639 1569 667 1628 is
687 1583 727 1630 eo
745 1574 883 1643 temume
903 1567 935 1628 in
950 1582 1025 1641 agro
1040 1581 1098 1629 suo
1114 1565 1230 1627 Antisti

252 1661 351 1728 esset,
372 1668 547 1728 aquamque
565 1667 606 1712 ex
625 1651 777 1714 manubiis
796 1651 923 1715 Antium
942 1665 981 1713 ex
995 1649 1121 1711 flumine
1135 1648 1231 1711 Lora·

253 1736 342 1799 since
363 1736 497 1798 duceret
524 1734 557 1796 id
577 1751 658 1810 opus
679 1742 800 1797 centum
818 1735 940 1810 triginta
953 1733 1076 1797 milibus
1089 1732 1170 1795 aeris
1184 1733 1230 1793 lo·

253 1835 343 1881 casse
367 1817 492 1881 diciturr
520 1819 632 1880 tabulis
659 1834 785 1894 quoque
808 1819 899 1894 pictis
924 1832 964 1879 ex
983 1818 1101 1892 praeda
1125 1817 1231 1877 lunum

253 1901 429 1978 Aesouiapii
451 1903 619 1967 exornavit
639 1900 785 1965 invidiam
798 1901 1015 1978 infamiamque
1029 1901 1068 1961 ab
1087 1900 1229 1963 Lucretio

253 1992 428 2049 averterunt
451 1986 482 2045 in
506 1985 702 2049 Hortensium
727 2000 941 2049 successorem
971 1985 1038 2047 eius
1063 1984 1230 2047 Abderitae

253 2071 359 2146 legati,
384 2068 494 2131 flentes
514 2076 585 2129 ante
599 2069 713 2131 curiam
728 2075 954 2144 querentesque
976 2068 1126 2145 oppidum
1139 2083 1230 2131 suum

254 2155 293 2215 ab
306 2154 471 2217 Hortensio
486 2159 695 2228 expugnatum
709 2167 747 2214 ac
761 2151 913 2228 direptum
928 2166 1016 2215 esser
1035 2167 1161 2213 causam
1176 2166 1230 2211 ex-

255 2237 325 2297 cidii
338 2237 436 2298 tuisse
451 2236 528 2311 urbi,
545 2236 630 2315 quod
644 2252 713 2299 cum
732 2243 852 2299 centum
863 2233 945 2297 mdis
959 2234 1118 2299 denarium
1132 2241 1162 2295 ot
1178 2234 1231 2294 tri-

253 2320 304 2383 tici
319 2320 538 2396 quinquaginta
550 2318 633 2383 milia
647 2320 780 2381 modium
796 2321 966 2396 imperarat,
987 2320 1120 2395 spatium
1136 2317 1230 2392 petie·

252 2404 325 2479 rint,
352 2419 414 2479 quo
435 2404 475 2463 de
495 2419 533 2465 ea
554 2419 589 2464 re
609 2411 640 2463 et
658 2403 700 2464 ad
712 2402 874 2465 Hostilium
888 2404 1045 2465 consulem
1059 2402 1232 2465 elidentem

253 2487 407 2549 mitterent
419 2485 549 2559 legatos.
571 2483 699 2547 vixdum
715 2486 755 2545 ed
770 2487 928 2549 consulem
942 2502 978 2547 se
992 2482 1184 2561 pervenisse,
1201 2491 1233 2545 et

253 2570 379 2631 audisse
391 2566 539 2643 oppidum
550 2574 767 2642 expugnatum,
779 2567 1045 2645 principesseouri
1052 2583 1231 2645 pmcussos,

254 2651 313 2713 sub
328 2666 444 2711 corona
458 2656 579 2712 eeteros
592 2650 729 2711 venisse.
747 2651 872 2727 indigno
885 2669 936 2715 ros
952 2653 1070 2716 senatui
1085 2651 1165 2730 vise,
1178 2651 1229 2713 de

254 2741 477 2811 creveruntque
503 2733 612 2796 eadem
639 2734 680 2795 ds
699 2734 870 2811 Abderitis,
897 2751 977 2812 quae
1001 2737 1041 2798 de
1064 2732 1232 2799 00an

253 2817 455 2881 decreverant
467 2817 571 2893 prime
584 2834 682 2891 annm
700 2819 873 2895 eodemque
886 2835 943 2895 pro
955 2818 1098 2882 contione
1109 2818 1232 2883 adicere
1312 2826 1313 2897 ξ

254 2899 289 2973 Q.
302 2899 456 2965 Maenium
470 2907 642 2977 praetorem
657 2902 821 2967 iusserunt.
844 2909 875 2964 et
887 2904 979 2978 legati
994 2903 1072 2977 duc,
1096 2902 1127 2964 0.
1143 2900 1232 2963 Sem·
1312 2900 1313 2921 ¹

253 2984 381 3058 pronius
402 2986 533 3049 Blaesus
556 2984 629 3047 Sex.
651 2985 747 3051 lulius
769 2987 896 3060 caesar,
917 2987 958 3049 ad
978 2986 1185 3049 restituendos
1199 2985 1230 3046 iu

252 3066 421 3129 libertatem
442 3069 606 3133 Abderitas
626 3069 723 3134 missi.
751 3069 861 3131 iisdem
872 3070 1059 3145 mundatum,
1079 3076 1112 3131 ut
1125 3075 1157 3130 et
1168 3070 1230 3133 llo·
1310 3060 1311 3073 ¹

253 3150 333 3210 stilio
355 3152 474 3213 consuli
495 3159 527 3215 et
544 3154 709 3214 Hortensio
737 3151 871 3228 praetori
899 3154 1071 3215 nuntiarent
1092 3159 1231 3218 sermtute
1312 3184 1313 3191 ¹

252 3232 410 3295 Abderitis
421 3234 566 3296 iniustum
576 3236 690 3296 bellurn
700 3238 823 3311 illatum,
840 3237 1043 3313 conquirique
1058 3236 1230 3310 omnesqui

252 3317 284 3380 iu
298 3318 445 3383 servitute
464 3318 526 3379 sint
540 3325 570 3378 et
583 3318 702 3381 restitui
716 3318 746 3379 in
761 3320 929 3385 libertatem
942 3337 1077 3396 aequum
1091 3334 1229 3385 censere

337 3403 376 3462 V.
396 3401 513 3465 llcdem
527 3403 903 3478 superstruemus,
925 3405 978 3479 qu·
999 3403 1109 3467 consul
1129 3403 1232 3479 prime

253 3501 334 3547 anno
354 3486 466 3561 iuerat,
490 3492 555 3546 tum
573 3484 713 3547 tribunus
728 3486 853 3550 militum
868 3487 899 3549 iu
913 3485 1097 3551 Macedonia
1110 3501 1180 3549 cum
1192 3487 1231 3551 A.
