2642 4017
257 297 320 362 ata
449 297 678 358 nmnnmtv.
702 295 822 357 cers.
838 303 866 361 s.
887 295 1073 374 [ebesan

257 450 297 511 ad
319 449 497 525 aequiorem
519 448 628 508 vanem
649 453 832 521 perventum
847 451 903 505 est.
925 445 1019 521 paulo
1034 447 1105 521 plus
1120 453 1241 522 septem

256 533 339 595 mitia
353 533 403 594 die
416 532 546 594 Romam
559 538 796 607 proeesserunu
811 528 968 590 minimum
981 528 1114 605 pedibus
1124 530 1241 592 itineris

258 618 440 679 contectum.
461 616 642 691 pinumque
655 615 876 690 provolventes
892 628 930 677 se
951 611 1042 674 simul
1062 628 1131 673 aum
1146 615 1241 677 ermis

257 702 389 776 aliisque
412 699 557 761 oneribus
582 715 652 759 uum
676 698 759 759 omni
783 711 897 772 genere
915 695 1087 761 venetianis
1111 712 1241 772 proees-

257 792 373 859 serunt,
388 784 467 847 aden
481 790 516 845 ut
529 798 568 843 ne
583 782 647 843 dux
662 779 788 857 quidam
802 787 834 841 et
843 787 951 845 audior
967 780 1083 843 itineris
1096 780 1239 845 tutitiare-
1318 800 1319 861 t

256 876 305 930 tur
320 883 418 944 parva
432 882 525 929 manu
539 866 635 927 deberi
648 880 771 927 omnem
783 864 952 927 exereitum
966 864 1117 940 potuisse.
1150 873 1241 930 noete
1318 882 1319 903 ³

256 952 296 1012 ad
311 950 463 1012 modicam
477 948 632 1025 planitiem
649 953 873 1024 perveneram
895 963 999 1024 neque
1013 965 1052 1011 un
1067 948 1199 1013 infestus
1214 949 1240 1013 is

255 1036 344 1095 tonus
360 1039 445 1094 esset
459 1039 586 1108 saeptus
600 1034 738 1109 undique
749 1030 1017 1107 nueumapioiondi
1026 1029 1161 1106 spatium
1176 1033 1242 1095 tuit

255 1116 308 1177 vix
322 1116 445 1176 tandem
459 1130 499 1175 ex
514 1116 670 1191 insperato
685 1115 825 1179 stabttem
840 1115 881 1177 ad
900 1112 1105 1180 insistendum
1118 1115 1239 1179 naumis

255 1201 356 1261 ionum
374 1206 503 1275 postem
519 1213 645 1275 quoque
659 1199 753 1263 disin
768 1206 831 1263 tarn
844 1213 923 1261 uara
936 1199 1018 1263 velie
1030 1198 1170 1274 opperiri
1183 1198 1240 1261 Ps-

256 1282 372 1361 pittium
396 1298 433 1344 ae
452 1282 575 1347 retious
593 1298 663 1343 oum
676 1298 715 1345 eo
736 1283 844 1359 supine
864 1297 996 1347 neeesse
1014 1283 1085 1354 tuit,
1110 1299 1191 1360 quos
1212 1291 1241 1347 et

256 1367 356 1444 ipsos,
372 1382 442 1429 cum
454 1366 493 1426 ab
507 1366 590 1427 uuita
603 1366 802 1442 partehostis
812 1365 980 1439 muneret,
994 1368 1135 1431 tonorum
1148 1383 1240 1442 aspe-

255 1451 331 1513 ritas
344 1447 495 1515 hostiliter
508 1450 642 1512 vexavm
675 1450 764 1514 tertio
784 1449 835 1513 d'e
853 1449 1025 1515 eeeiunctis
1046 1450 1147 1527 sepiis
1166 1457 1242 1515 eunt

256 1551 313 1612 per
326 1537 451 1610 snitum,
473 1549 565 1610 quam
578 1534 700 1596 incolae
718 1532 914 1609 callipesmen
936 1534 1101 1609 appetunt.
1130 1542 1240 1611 quanto

256 1617 329 1679 inde
345 1619 395 1679 die
409 1633 466 1695 per
478 1633 579 1693 aequm
593 1618 685 1693 invia,
700 1618 757 1681 sed
772 1617 975 1683 adsuetudine
989 1618 1117 1695 peritius
1131 1625 1164 1679 et
1176 1634 1238 1681 me·
1316 1672 1317 1675 ,

256 1701 333 1761 tiore
347 1716 416 1762 cum
429 1717 496 1776 spe,
512 1702 597 1776 quod
609 1717 667 1762 nee
676 1701 775 1765 hostis
785 1716 929 1776 mquam
941 1701 1114 1777 apparebat
1121 1708 1154 1767 et
1162 1700 1240 1766 mari

257 1784 556 1861 appropinquabant,
576 1786 718 1861 degressi
733 1786 766 1845 in
781 1800 908 1861 campos
922 1783 1001 1849 iuter
1013 1783 1196 1849 Heracleum
1210 1792 1241 1846 et
1318 1834 1319 1855 ,

255 1867 431 1929 Libethrum
443 1876 616 1947 posuerunt
630 1877 731 1933 eastra
745 1867 891 1944 peditam,
913 1884 1044 1945 qnorum
1053 1885 1127 1944 pars
1141 1869 1241 1933 maior
1318 1892 1319 1895 ¹

255 1954 389 2015 tumulos
400 1953 531 2016 tenebat.
552 1951 595 2015 ibi
606 1952 933 2029 vadooampiqunque
943 1958 1071 2027 putum,
1081 1952 1239 2030 ubisque
1318 1998 1319 2031 ,

254 2037 402 2110 tenderet
418 2036 689 2114 amplectebantur.

339 2121 392 2181 Vi.
420 2121 547 2183 Levanti
571 2119 638 2196 regi
663 2119 773 2185 dieitur
793 2118 961 2183 nuntiantur
985 2118 1094 2181 hostes
1112 2120 1239 2183 adesse.
1318 2122 1319 2189 t

255 2221 317 2280 quo
338 2206 443 2267 nuntio
465 2220 533 2267 oum
552 2203 685 2281 pavidus
703 2201 883 2266 exsiluisset
900 2217 921 2265 e
940 2201 1036 2276 solie,
1060 2203 1174 2267 vietum
1204 2220 1241 2269 se

254 2290 322 2351 sine
349 2289 469 2366 proelio
498 2289 656 2351 clamitans
682 2285 852 2365 proripuits
880 2292 913 2349 nt
940 2285 1071 2351 subinde
1098 2303 1156 2363 par
1179 2288 1241 2350 uta

254 2375 376 2451 adaque
390 2372 504 2449 pavida
514 2371 644 2433 consilia
655 2378 686 2435 et
697 2371 824 2448 imperia
834 2369 1002 2447 trepidans,
1014 2370 1099 2435 duos
1113 2388 1154 2434 ex
1163 2372 1240 2435 ami·

254 2457 299 2518 eis
313 2458 436 2528 Pellam,
451 2455 578 2515 atterum
591 2470 695 2530 suque
707 2455 748 2516 ad
760 2455 889 2530 pathum
899 2453 1081 2531 *ipeennia
1092 2454 1239 2531 deposita

254 2547 319 2599 emt
329 2537 369 2579 **
380 2553 420 2598 ex
426 2536 590 2613 praesidiis
600 2545 734 2613 revocat,
748 2538 1025 2615 omnesqueaditus
1034 2539 1136 2615 aperit
1144 2540 1240 2603 balio.

253 2622 323 2697 ipse
336 2620 375 2680 ab
385 2619 444 2681 Dio
453 2618 569 2681 auratis
582 2621 693 2685 statuis
704 2620 847 2685 omnibus
858 2623 964 2699 raptis,
980 2638 1019 2685 ne
1029 2623 1146 2699 praeda
1156 2622 1239 2687 hosti
1318 2634 1319 2637 ’

252 2710 367 2777 essent,
382 2703 502 2765 insoles
516 2702 584 2765 eius
595 2702 657 2767 tooi
669 2702 842 2779 demigrare
851 2705 1100 2785 Pydnemeogitz
1115 2715 1146 2767 et
1156 2723 1239 2783 quae

254 2787 408 2848 temeritas
422 2786 561 2850 eonsrdis
574 2788 674 2849 videri
689 2789 849 2866 potuisset,
864 2791 951 2866 quod
964 2806 1003 2853 eo
1016 2791 1237 2867 processisset,

252 2871 335 2931 unde
350 2869 445 2935 invito
461 2871 551 2934 hoste
564 2872 688 2948 regredi
704 2873 854 2950 ambiret,
868 2890 939 2937 eam
956 2891 1018 2938 nou
1031 2875 1238 2937 inconsultam

253 2953 414 3018 susanam
429 2956 510 3018 teuit
539 2957 619 3019 duos
633 2957 715 3019 enim
725 2957 836 3033 saltus,
852 2973 909 3034 per
923 2975 1004 3033 quos
1016 2957 1091 3019 inde
1101 2957 1239 3021 evadere
1318 3000 1319 3011 ,

253 3046 392 3114 possent,
402 3039 717 3117 habebantanani,
735 3050 828 3105 unwir
849 3057 906 3118 per
924 3043 1040 3118 Tempe
1058 3043 1089 3103 in
1104 3043 1237 3105 'ibessa-
1318 3016 1319 3093 i

251 3121 331 3196 liam,
348 3124 477 3184 uterum
492 3124 522 3183 in
533 3124 747 3189 Macedoniam
758 3132 880 3201 praeter
893 3125 998 3198 nturm
1012 3133 1237 3202 quaesitaque
1318 3124 1319 3179 ἒ

250 3203 346 3282 regiis
360 3206 540 3268 tenebantur
553 3208 727 3284 praesidiis.
750 3210 854 3285 itaque
870 3210 897 3272 si
916 3210 982 3272 dux
993 3209 1167 3285 intrepidus
1182 3211 1234 3273 de·
1318 3214 1319 3217 ’

252 3305 320 3351 aem
340 3289 408 3350 dies
428 3288 559 3364 primam
573 3293 709 3367 speeiem
733 3292 1011 3369 appropinquantis
1024 3293 1150 3355 terroris
1164 3311 1233 3357 sus·

251 3372 408 3446 timuisset,
436 3388 538 3447 neque
561 3383 707 3451 receptus
730 3377 878 3438 Romanis
899 3392 955 3451 per
967 3376 1081 3452 Tempe
1094 3377 1126 3438 in
1139 3377 1234 3440 Tbes·
1318 3370 1319 3443 i

251 3459 360 3518 saliam
373 3471 476 3533 neque
490 3457 711 3520 commeatibus
726 3459 932 3534 pervehendis
947 3475 985 3520 eo
1000 3458 1153 3534 pernosse
1167 3460 1226 3523 iter

251 3549 321 3601 sunt
337 3541 418 3602 enim
434 3539 548 3616 Tempe
569 3540 682 3615 saltus,
705 3540 824 3601 etiamsi
843 3557 905 3602 non
925 3541 1007 3602 belia
1021 3543 1076 3603 dat
1089 3544 1234 3618 infestus,
