2642 4017
206 301 211 315 ·
235 280 278 344 ao
444 274 783 338 annexueras.
807 278 890 348 [an.
903 276 1002 343 asro]

234 431 474 505 terroiugulum,
491 427 615 503 quando
630 442 692 488 non
708 425 841 485 creditur
851 424 911 484 nisi
922 428 1131 499 perpetratum
1141 420 1220 481 laci·

234 533 308 590 nus,
328 521 361 575 et
374 513 482 573 eadem
502 512 614 587 petitus
632 509 752 570 insidiis
767 508 858 569 audio
875 522 956 583 quae
968 506 1046 566 latro
1061 512 1154 580 atque
1171 505 1220 564 in-

234 600 371 660 sidiator.
401 612 442 657 no
483 594 671 670 nequiquam
691 593 741 653 isti
762 607 855 653 unum
875 589 1062 651 Demetrium
1076 589 1171 649 lilium
1186 594 1220 648 te
1314 618 1316 662 t

233 682 357 754 habere,
373 696 422 741 me
437 696 475 741 su
497 677 591 738 ditum
606 685 637 737 et
650 676 760 752 pellice
774 676 906 750 genitum
918 673 1084 749 appellant.
1106 671 1220 731 namsi
1315 691 1316 697 ¹

233 766 376 841 gradum,
398 763 425 823 si
447 761 602 822 caritatem
621 760 676 820 filii
696 760 781 834 apud
800 764 830 819 te
849 758 1009 830 haberem,
1031 772 1094 816 non
1114 755 1145 815 in
1166 770 1219 816 me

235 855 410 925 querentem
425 844 636 920 deprehensas
651 842 796 916 insidiae,
811 843 869 902 sed
881 842 913 900 in
927 857 998 902 eum
1010 839 1065 916 qui
1079 837 1218 912 lecisset,

235 932 382 1004 saevires,
397 944 455 989 nec
468 929 547 988 adeo
561 926 616 989 tibi
628 927 699 987 vilis
714 925 777 986 vita
789 931 874 986 esset
883 932 998 997 nostra,
1014 930 1048 985 ut
1057 938 1115 983 nec
1126 937 1219 998 prae·

235 1015 322 1075 terito
339 1013 475 1089 periculo
490 1027 559 1073 meo
573 1010 753 1083 movereris,
767 1024 868 1085 neque
882 1008 991 1082 tuturo,
1006 1008 1034 1068 si
1047 1006 1218 1067 insidienti-

235 1099 292 1158 bus
307 1098 347 1158 sit
360 1096 493 1172 impune.
514 1094 619 1171 itaque
633 1094 660 1155 si
674 1094 752 1154 mori
765 1093 888 1155 tacitum
903 1098 1033 1169 oportet,
1048 1098 1217 1163 taceamus,

235 1182 350 1257 precati
364 1186 480 1241 tantum
494 1179 581 1253 deos,
596 1185 630 1239 ut
643 1194 662 1238 a
676 1193 725 1238 me
739 1183 882 1252 coeptum
896 1176 999 1237 scelus
1014 1176 1044 1234 in
1059 1190 1109 1234 rna
1122 1174 1218 1234 finem

235 1265 361 1336 habeat,
381 1279 439 1324 nec
453 1278 510 1339 per
522 1278 623 1322 meum
637 1264 717 1323 latus
732 1268 765 1322 tu
779 1259 910 1338 peterisz
932 1260 1110 1332 sinautem,
1130 1257 1219 1333 quod

234 1347 449 1409 circumventis
464 1348 494 1406 in
506 1345 672 1408 solitudine
682 1352 790 1406 natura
800 1344 870 1420 ipsa
881 1343 1000 1417 subicit,
1015 1349 1049 1403 ut
1059 1340 1218 1403 hominum

234 1447 314 1508 quos
329 1447 495 1507 numquam
507 1429 639 1490 viderint
653 1429 746 1489 fidem
758 1436 857 1489 tamen
867 1429 1040 1506 implorent,
1054 1425 1127 1486 mihi
1139 1441 1221 1501 quo-

235 1530 295 1592 que
316 1516 428 1575 ferrum
448 1514 479 1574 in
494 1529 543 1574 me
563 1513 700 1575 strictum
714 1512 850 1573 cernenti
862 1527 971 1573 vocem
985 1510 1102 1572 mittere
1117 1509 1218 1583 liceat,

234 1606 334 1675 perte
347 1597 542 1674 patriumque
557 1612 685 1671 nomen,
700 1597 784 1672 quod
798 1597 858 1657 utri
872 1602 1011 1657 nostrum
1025 1594 1161 1655 sanctus
1177 1592 1218 1653 sit

234 1683 295 1742 iarn
308 1682 427 1757 pridem
442 1682 547 1754 sentis,
561 1679 604 1741 ita
617 1696 667 1740 me
677 1681 786 1742 audias
797 1696 916 1756 precor,
931 1687 1086 1754 tamquam
1098 1676 1127 1739 si
1137 1690 1217 1737 voce

235 1772 266 1824 et
286 1765 526 1841 comploratione
546 1771 697 1826 nocturno
718 1764 836 1825 excitus
857 1763 929 1824 mibi
950 1763 1104 1839 quiritanti
1124 1762 1214 1823 inter·

235 1848 393 1923 venisses,
419 1848 604 1909 Demetrium
629 1864 699 1909 cum
725 1848 849 1909 armatis
868 1856 959 1908 nocte
978 1848 1163 1922 intempesta
1184 1846 1216 1905 in

137 1942 140 1948 '
237 1932 386 1994 vestibulo
409 1947 477 1994 meo
499 1931 770 2007 deprehendisses.
800 1932 883 2008 quod
904 1940 968 1992 tum
984 1931 1171 2000 vociferarer
1184 1928 1216 1989 in

233 2031 269 2075 re
283 2015 437 2091 praesenti
451 2014 593 2091 pavidus,
609 2014 669 2075 hoc
683 2030 764 2075 nunc
776 2020 902 2090 postero
914 2014 965 2075 die
977 2030 1099 2091 queror.
1115 2014 1216 2088 irater,

235 2114 298 2158 non
314 2099 525 2161 comisantium
539 2098 569 2157 in
584 2097 684 2157 vicem
698 2098 757 2158 iam
772 2098 825 2158 diu
839 2099 970 2160 vivimus
985 2097 1146 2159 internos.
1167 2113 1216 2156 re-

234 2197 329 2257 gnare
342 2183 448 2257 utique
461 2184 519 2242 vis.
548 2180 619 2241 huic
634 2182 703 2256 spei
716 2186 787 2241 tuae
801 2182 902 2243 obstat
916 2189 1002 2243 aetas
1015 2197 1094 2257 mea,
1115 2180 1217 2242 obstat

234 2266 368 2340 gentium
382 2266 440 2340 ius,
456 2266 558 2326 obstat
571 2271 711 2326 vetustus
722 2264 923 2326 Macedoniae
935 2281 1013 2346 mos,
1029 2265 1131 2327 obstat
1140 2280 1216 2324 vero

235 2350 323 2410 etiam
346 2349 441 2425 patris
461 2347 615 2409 iudicium.
642 2347 720 2408 haec
739 2351 959 2411 transcendere
972 2350 1032 2411 nisi
1046 2347 1102 2426 per
1115 2364 1215 2410 meum

234 2434 415 2509 sanguinem
435 2448 498 2492 non
519 2439 620 2505 potes.
652 2432 754 2492 omnia
767 2433 882 2494 moliris
897 2440 928 2493 et
940 2441 1082 2509 temptas.
1116 2432 1216 2494 adhuc

234 2532 292 2577 seu
306 2531 380 2575 cura
394 2530 463 2574 mea
476 2530 533 2574 seu
547 2515 669 2575 lonuna
682 2516 792 2577 restitit
805 2517 967 2592 parricidio
982 2525 1044 2579 tuo.
1071 2517 1214 2579 hesterno

234 2599 284 2657 die
298 2598 329 2656 in
344 2597 524 2674 lustratione
537 2604 568 2657 et
582 2597 717 2659 decursu
729 2607 761 2660 et
780 2600 944 2662 simulacro
959 2602 1078 2663 ludicro
1092 2616 1215 2677 pugnae

233 2681 387 2740 iuucstum
409 2696 507 2757 prope
526 2680 677 2756 proelium
698 2682 812 2755 iecisti,
834 2699 891 2745 nec
913 2700 963 2745 me
983 2685 1065 2745 aliud
1081 2700 1100 2743 a
1118 2692 1215 2745 morte

232 2762 413 2836 vindicavit,
430 2781 521 2839 quam
537 2766 621 2840 quod
635 2781 685 2825 me
700 2782 737 2827 ac
750 2782 838 2828 meos
851 2767 933 2828 vinci
946 2785 1062 2844 passus
1077 2784 1155 2829 sum.
1176 2767 1214 2828 ab

233 2846 336 2908 hostili
350 2847 485 2923 proelio,
501 2856 656 2925 tamquam
672 2850 805 2912 fraterno
820 2852 905 2926 lusu,
921 2853 1098 2927 pertrahere
1111 2866 1160 2911 me
1175 2850 1215 2910 ad

232 2945 339 2990 cenam
353 2932 485 2993 voluisti.
515 2933 615 2993 eredis
629 2948 695 3010 me,
709 2940 811 3011 pater,
826 2935 904 2996 inter
917 2940 1050 2996 inermes
1067 2933 1214 2997 convivas
1270 2983 1273 2984 γ

233 3021 412 3074 cenaturum
433 3014 546 3090 luisse,
568 3018 609 3077 ad
624 3033 715 3093 quem
730 3018 838 3080 armati
852 3018 1032 3080 comisatum
1046 3024 1216 3080 veneruntt

232 3097 334 3158 credis
348 3096 423 3157 nihil
437 3099 510 3160 mibi
524 3115 544 3159 a
556 3100 667 3175 gladiis
681 3109 773 3162 nocte
788 3101 914 3178 periculi
928 3101 1042 3173 luisse,
1059 3118 1151 3176 quem
1163 3118 1217 3161 ru·.

231 3178 322 3241 dibus
343 3187 374 3241 te
388 3180 580 3257 inspectante
601 3200 701 3260 prope
721 3185 920 3246 occidemntt
942 3185 1091 3260 quidhoc
1105 3185 1214 3260 noctis,
1239 3191 1243 3198 “

233 3264 307 3339 quid
321 3264 461 3326 inimicus
476 3267 517 3326 ad
530 3267 656 3340 iratum,
679 3268 754 3342 quid
767 3282 839 3327 cum
853 3268 934 3328 lerro
951 3268 1116 3329 succinctis
1131 3267 1213 3327 iuve-

230 3345 322 3409 nibus
332 3349 442 3409 veuist
456 3350 616 3409 convivam
626 3366 676 3411 me
686 3348 740 3411 tibi
751 3349 939 3413 committere
949 3367 1046 3413 ausus
1057 3367 1119 3411 non
1131 3366 1213 3410 sumt

231 3433 446 3493 comisatorem
458 3440 566 3494 tecum
579 3432 702 3496 armatis
713 3433 1060 3511 venientemrecipiamt
1070 3435 1097 3496 si
1108 3440 1214 3510 aperta
1228 3506 1232 3511 q

229 3518 322 3578 ianua
342 3517 467 3593 luisset,
488 3519 579 3579 iunus
600 3534 702 3580 meum
722 3534 849 3594 parares
864 3518 925 3581 hoe
941 3526 1096 3597 tempore,
1119 3524 1213 3596 pater,
