<?xml version="1.0" encoding="UTF-8"?>
<!DOCTYPE html PUBLIC "-//W3C//DTD XHTML 1.0 Transitional//EN"
    "http://www.w3.org/TR/xhtml1/DTD/xhtml1-transitional.dtd">
<html xmlns="http://www.w3.org/1999/xhtml" xml:lang="en" lang="en">
 <head>
  <title>
</title>
<meta http-equiv="Content-Type" content="text/html;charset=utf-8" />
  <meta name='ocr-system' content='tesseract 3.04.00' />
  <meta name='ocr-capabilities' content='ocr_page ocr_carea ocr_par ocr_line ocrx_word'/>
</head>
<body>
  <div class='ocr_page' id='page_1' title='image "./aburbeconditali01mlgoog_0033.png"; bbox 0 0 2642 4017; ppageno 0'>
   <div class='ocr_carea' id='block_1_1' title="bbox 246 268 1073 345">
    <p class='ocr_par' dir='ltr' id='par_1_1' title="bbox 246 268 1073 345">
     <span class='ocr_line' id='line_1_1' title="bbox 246 268 1073 345; baseline 0.005 -16"><span class='ocrx_word' id='word_1_1' title='bbox 246 269 363 330; x_wconf 86' lang='lat' dir='ltr'>LIBER</span> <span class='ocrx_word' id='word_1_2' title='bbox 376 269 508 330; x_wconf 85' lang='lat' dir='ltr'>XXXIX.</span> <span class='ocrx_word' id='word_1_3' title='bbox 532 268 615 336; x_wconf 78' lang='lat' dir='ltr'><strong>CAP.</strong></span> <span class='ocrx_word' id='word_1_4' title='bbox 630 278 656 331; x_wconf 78' lang='lat'><strong>2.</strong></span> <span class='ocrx_word' id='word_1_5' title='bbox 667 278 693 333; x_wconf 82' lang='lat'><strong>3.</strong></span> <span class='ocrx_word' id='word_1_6' title='bbox 706 279 732 333; x_wconf 77' lang='lat' dir='ltr'><strong>l.</strong></span> <span class='ocrx_word' id='word_1_7' title='bbox 755 277 791 345; x_wconf 77' lang='lat' dir='ltr'><strong>[a.</strong></span> <span class='ocrx_word' id='word_1_8' title='bbox 805 277 838 335; x_wconf 87' lang='lat' dir='ltr'><strong>C.</strong></span> <span class='ocrx_word' id='word_1_9' title='bbox 851 276 914 345; x_wconf 78' lang='lat'><strong>1⁸¹1]</strong></span> <span class='ocrx_word' id='word_1_10' title='bbox 1052 271 1073 333; x_wconf 84' lang='grc'>3</span> 
     </span>
    </p>
   </div>
   <div class='ocr_carea' id='block_1_2' title="bbox 23 419 1086 3652">
    <p class='ocr_par' dir='ltr' id='par_1_2' title="bbox 95 419 1077 1332">
     <span class='ocr_line' id='line_1_2' title="bbox 97 419 1074 498; baseline 0.002 -14"><span class='ocrx_word' id='word_1_11' title='bbox 97 429 140 484; x_wconf 89' lang='lat' dir='ltr'><strong>tus</strong></span> <span class='ocrx_word' id='word_1_12' title='bbox 160 422 259 497; x_wconf 91' lang='lat' dir='ltr'><strong>primo</strong></span> <span class='ocrx_word' id='word_1_13' title='bbox 283 420 403 482; x_wconf 84' lang='lat' dir='ltr'><strong>levibus</strong></span> <span class='ocrx_word' id='word_1_14' title='bbox 418 419 544 496; x_wconf 91' lang='lat' dir='ltr'><strong>proeliis</strong></span> <span class='ocrx_word' id='word_1_15' title='bbox 558 422 711 498; x_wconf 76' lang='lat' dir='ltr'>fatigavit,</span> <span class='ocrx_word' id='word_1_16' title='bbox 733 432 889 498; x_wconf 87' lang='lat' dir='ltr'><strong>postremo</strong></span> <span class='ocrx_word' id='word_1_17' title='bbox 904 433 1029 487; x_wconf 88' lang='lat' dir='ltr'><strong>coaetos</strong></span> <span class='ocrx_word' id='word_1_18' title='bbox 1044 426 1074 486; x_wconf 93' lang='lat' dir='ltr'><strong>in</strong></span> 
     </span>
     <span class='ocr_line' id='line_1_3' title="bbox 96 504 1074 583; baseline 0.004 -18"><span class='ocrx_word' id='word_1_19' title='bbox 96 505 187 566; x_wconf 81' lang='lat' dir='ltr'>aciem</span> <span class='ocrx_word' id='word_1_20' title='bbox 204 505 399 565; x_wconf 89' lang='lat' dir='ltr'><strong>descendere</strong></span> <span class='ocrx_word' id='word_1_21' title='bbox 413 504 493 566; x_wconf 89' lang='lat' dir='ltr'><strong>iusto</strong></span> <span class='ocrx_word' id='word_1_22' title='bbox 510 504 627 580; x_wconf 89' lang='lat' dir='ltr'><strong>proelio</strong></span> <span class='ocrx_word' id='word_1_23' title='bbox 642 506 770 578; x_wconf 86' lang='lat' dir='ltr'><strong>devicit;</strong></span> <span class='ocrx_word' id='word_1_24' title='bbox 793 505 823 567; x_wconf 90' lang='lat' dir='ltr'><strong>in</strong></span> <span class='ocrx_word' id='word_1_25' title='bbox 840 523 903 583; x_wconf 94' lang='lat' dir='ltr'><strong>quo</strong></span> <span class='ocrx_word' id='word_1_26' title='bbox 918 515 950 569; x_wconf 90' lang='lat' dir='ltr'><strong>et</strong></span> <span class='ocrx_word' id='word_1_27' title='bbox 965 511 1074 570; x_wconf 88' lang='lat' dir='ltr'><strong>eedem</strong></span> 
     </span>
     <span class='ocr_line' id='line_1_4' title="bbox 96 586 1074 666; baseline 0.002 -16"><span class='ocrx_word' id='word_1_28' title='bbox 96 589 204 651; x_wconf 87' lang='lat' dir='ltr'><strong>liianae</strong></span> <span class='ocrx_word' id='word_1_29' title='bbox 213 586 311 649; x_wconf 89' lang='lat' dir='ltr'><strong>vovit.</strong></span> <span class='ocrx_word' id='word_1_30' title='bbox 326 588 462 649; x_wconf 87' lang='lat' dir='ltr'><strong>subactis</strong></span> <span class='ocrx_word' id='word_1_31' title='bbox 475 588 520 649; x_wconf 86' lang='lat' dir='ltr'><strong>eis</strong></span> <span class='ocrx_word' id='word_1_32' title='bbox 527 588 724 665; x_wconf 90' lang='lat' dir='ltr'><strong>Apenninum</strong></span> <span class='ocrx_word' id='word_1_33' title='bbox 737 591 889 666; x_wconf 89' lang='lat' dir='ltr'><strong>omnibus,</strong></span> <span class='ocrx_word' id='word_1_34' title='bbox 902 599 964 652; x_wconf 89' lang='lat' dir='ltr'><strong>tum</strong></span> <span class='ocrx_word' id='word_1_35' title='bbox 976 599 1074 652; x_wconf 79' lang='lat' dir='ltr'><strong>trans</strong></span> 
     </span>
     <span class='ocr_line' id='line_1_5' title="bbox 96 670 1075 750; baseline 0.003 -18"><span class='ocrx_word' id='word_1_36' title='bbox 96 679 254 733; x_wconf 89' lang='lat' dir='ltr'><strong>montanos</strong></span> <span class='ocrx_word' id='word_1_37' title='bbox 280 672 502 732; x_wconf 91' lang='lat' dir='ltr'><strong>adortus—ln</strong></span> <span class='ocrx_word' id='word_1_38' title='bbox 528 670 577 732; x_wconf 86' lang='lat' dir='ltr'><strong>his</strong></span> <span class='ocrx_word' id='word_1_39' title='bbox 603 681 633 735; x_wconf 90' lang='lat' dir='ltr'><strong>et</strong></span> <span class='ocrx_word' id='word_1_40' title='bbox 652 673 801 735; x_wconf 73' lang='lat' dir='ltr'><strong>Friniates</strong></span> <span class='ocrx_word' id='word_1_41' title='bbox 826 674 955 750; x_wconf 76' lang='lat' dir='ltr'><strong>Ligures</strong></span> <span class='ocrx_word' id='word_1_42' title='bbox 979 682 1075 750; x_wconf 88' lang='lat' dir='ltr'><strong>erant,</strong></span> 
     </span>
     <span class='ocr_line' id='line_1_6' title="bbox 96 753 1075 832; baseline 0.001 -15"><span class='ocrx_word' id='word_1_43' title='bbox 96 772 169 832; x_wconf 90' lang='lat' dir='ltr'><strong>quos</strong></span> <span class='ocrx_word' id='word_1_44' title='bbox 194 772 258 816; x_wconf 90' lang='lat' dir='ltr'><strong>non</strong></span> <span class='ocrx_word' id='word_1_45' title='bbox 282 755 400 816; x_wconf 91' lang='lat' dir='ltr'><strong>adierat</strong></span> <span class='ocrx_word' id='word_1_46' title='bbox 420 755 452 815; x_wconf 86' lang='lat' dir='ltr'><strong>C.</strong></span> <span class='ocrx_word' id='word_1_47' title='bbox 471 753 637 817; x_wconf 76' lang='lat' dir='ltr'><strong>Flaminius</strong></span> <span class='ocrx_word' id='word_1_48' title='bbox 652 771 811 819; x_wconf 90' lang='lat' dir='ltr'><strong>-omnes</strong></span> <span class='ocrx_word' id='word_1_49' title='bbox 832 758 981 820; x_wconf 79' lang='lat' dir='ltr'>Aemilius</span> <span class='ocrx_word' id='word_1_50' title='bbox 1003 758 1075 819; x_wconf 88' lang='lat' dir='ltr'><strong>sub·</strong></span> 
     </span>
     <span class='ocr_line' id='line_1_7' title="bbox 95 838 1074 918; baseline 0.005 -21"><span class='ocrx_word' id='word_1_51' title='bbox 95 838 164 914; x_wconf 84' lang='lat' dir='ltr'><strong>egit,</strong></span> <span class='ocrx_word' id='word_1_52' title='bbox 179 854 331 914; x_wconf 89' lang='lat' dir='ltr'><strong>armaque</strong></span> <span class='ocrx_word' id='word_1_53' title='bbox 348 838 473 911; x_wconf 82' lang='lat' dir='ltr'><strong>ademit,</strong></span> <span class='ocrx_word' id='word_1_54' title='bbox 489 847 520 901; x_wconf 88' lang='lat' dir='ltr'><strong>et</strong></span> <span class='ocrx_word' id='word_1_55' title='bbox 533 839 573 899; x_wconf 88' lang='lat' dir='ltr'><strong>de</strong></span> <span class='ocrx_word' id='word_1_56' title='bbox 587 839 740 901; x_wconf 90' lang='lat' dir='ltr'><strong>montibus</strong></span> <span class='ocrx_word' id='word_1_57' title='bbox 756 841 786 900; x_wconf 92' lang='lat' dir='ltr'><strong>in</strong></span> <span class='ocrx_word' id='word_1_58' title='bbox 801 857 929 918; x_wconf 87' lang='lat' dir='ltr'><strong>campos</strong></span> <span class='ocrx_word' id='word_1_59' title='bbox 943 842 1074 904; x_wconf 90' lang='lat' dir='ltr'><strong>multitu·</strong></span> 
     </span>
     <span class='ocr_line' id='line_1_8' title="bbox 96 920 1077 1002; baseline 0.005 -21"><span class='ocrx_word' id='word_1_60' title='bbox 96 920 190 983; x_wconf 89' lang='lat' dir='ltr'><strong>dinem</strong></span> <span class='ocrx_word' id='word_1_61' title='bbox 216 922 357 984; x_wconf 85' lang='lat' dir='ltr'><strong>deduxit</strong></span> <span class='ocrx_word' id='word_1_62' title='bbox 393 922 511 998; x_wconf 75' lang='lat' dir='ltr'><strong>pacatis</strong></span> <span class='ocrx_word' id='word_1_63' title='bbox 535 920 708 998; x_wconf 73' lang='lat' dir='ltr'><strong>Liguribus</strong></span> <span class='ocrx_word' id='word_1_64' title='bbox 723 926 891 986; x_wconf 87' lang='lat' dir='ltr'><strong>exereitum</strong></span> <span class='ocrx_word' id='word_1_65' title='bbox 916 924 1077 1002; x_wconf 75' lang='lat' dir='ltr'><strong>inegram</strong></span> 
     </span>
     <span class='ocr_line' id='line_1_9' title="bbox 98 1003 1075 1082; baseline 0.005 -17"><span class='ocrx_word' id='word_1_66' title='bbox 98 1003 238 1067; x_wconf 82' lang='lat' dir='ltr'><strong>Gallicum</strong></span> <span class='ocrx_word' id='word_1_67' title='bbox 255 1006 361 1080; x_wconf 86' lang='lat' dir='ltr'><strong>duxit,</strong></span> <span class='ocrx_word' id='word_1_68' title='bbox 375 1004 518 1082; x_wconf 73' lang='lat' dir='ltr'><strong>mamque</strong></span> <span class='ocrx_word' id='word_1_69' title='bbox 532 1006 571 1066; x_wconf 89' lang='lat' dir='ltr'><strong>ab</strong></span> <span class='ocrx_word' id='word_1_70' title='bbox 583 1005 752 1082; x_wconf 78' lang='lat' dir='ltr'><strong>Placentia,</strong></span> <span class='ocrx_word' id='word_1_71' title='bbox 769 1014 801 1068; x_wconf 94' lang='lat' dir='ltr'><strong>ut</strong></span> <span class='ocrx_word' id='word_1_72' title='bbox 813 1007 979 1070; x_wconf 80' lang='lat' dir='ltr'><strong>Flaminiae</strong></span> <span class='ocrx_word' id='word_1_73' title='bbox 994 1025 1075 1070; x_wconf 88' lang='lat' dir='ltr'><strong>com·</strong></span> 
     </span>
     <span class='ocr_line' id='line_1_10' title="bbox 97 1088 1075 1168; baseline 0.003 -20"><span class='ocrx_word' id='word_1_74' title='bbox 97 1089 227 1164; x_wconf 88' lang='lat' dir='ltr'><strong>mitteret,</strong></span> <span class='ocrx_word' id='word_1_75' title='bbox 244 1088 416 1151; x_wconf 83' lang='lat' dir='ltr'><strong>Ariminum</strong></span> <span class='ocrx_word' id='word_1_76' title='bbox 431 1088 582 1165; x_wconf 84' lang='lat' dir='ltr'><strong>perduxit</strong></span> <span class='ocrx_word' id='word_1_77' title='bbox 605 1090 723 1166; x_wconf 89' lang='lat' dir='ltr'><strong>proelio</strong></span> <span class='ocrx_word' id='word_1_78' title='bbox 738 1090 852 1165; x_wconf 92' lang='lat' dir='ltr'><strong>ultimo,</strong></span> <span class='ocrx_word' id='word_1_79' title='bbox 868 1107 930 1168; x_wconf 93' lang='lat' dir='ltr'><strong>quo</strong></span> <span class='ocrx_word' id='word_1_80' title='bbox 946 1108 1014 1155; x_wconf 90' lang='lat' dir='ltr'><strong>eum</strong></span> <span class='ocrx_word' id='word_1_81' title='bbox 1029 1092 1075 1152; x_wconf 87' lang='lat' dir='ltr'><strong>Li·</strong></span> 
     </span>
     <span class='ocr_line' id='line_1_11' title="bbox 97 1171 1077 1253; baseline 0.004 -22"><span class='ocrx_word' id='word_1_82' title='bbox 97 1172 218 1246; x_wconf 73' lang='lat' dir='ltr'><strong>gudbus</strong></span> <span class='ocrx_word' id='word_1_83' title='bbox 245 1172 345 1249; x_wconf 74' lang='lat' dir='ltr'><strong>signis</strong></span> <span class='ocrx_word' id='word_1_84' title='bbox 372 1173 491 1233; x_wconf 88' lang='lat' dir='ltr'><strong>collatis</strong></span> <span class='ocrx_word' id='word_1_85' title='bbox 516 1171 668 1246; x_wconf 87' lang='lat' dir='ltr'><strong>conflixit,</strong></span> <span class='ocrx_word' id='word_1_86' title='bbox 695 1173 803 1235; x_wconf 89' lang='lat' dir='ltr'><strong>aedem</strong></span> <span class='ocrx_word' id='word_1_87' title='bbox 825 1174 933 1237; x_wconf 92' lang='lat' dir='ltr'><strong>lunoni</strong></span> <span class='ocrx_word' id='word_1_88' title='bbox 952 1178 1077 1253; x_wconf 77' lang='lat' dir='ltr'><strong>reginae</strong></span> 
     </span>
     <span class='ocr_line' id='line_1_12' title="bbox 99 1254 772 1332; baseline 0.001 -19"><span class='ocrx_word' id='word_1_89' title='bbox 99 1254 183 1317; x_wconf 84' lang='lat' dir='ltr'><strong>vovit.</strong></span> <span class='ocrx_word' id='word_1_90' title='bbox 206 1256 289 1317; x_wconf 86' lang='lat' dir='ltr'><strong>haee</strong></span> <span class='ocrx_word' id='word_1_91' title='bbox 302 1255 333 1315; x_wconf 93' lang='lat' dir='ltr'><strong>in</strong></span> <span class='ocrx_word' id='word_1_92' title='bbox 348 1256 510 1331; x_wconf 77' lang='lat' dir='ltr'><strong>Liguribus</strong></span> <span class='ocrx_word' id='word_1_93' title='bbox 526 1272 564 1317; x_wconf 92' lang='lat' dir='ltr'><strong>eo</strong></span> <span class='ocrx_word' id='word_1_94' title='bbox 579 1272 660 1318; x_wconf 88' lang='lat' dir='ltr'><strong>anuo</strong></span> <span class='ocrx_word' id='word_1_95' title='bbox 676 1264 772 1332; x_wconf 77' lang='lat' dir='ltr'><strong>gesta.</strong></span> 
     </span>
    </p>

    <p class='ocr_par' dir='ltr' id='par_1_3' title="bbox 23 1337 1079 1917">
     <span class='ocr_line' id='line_1_13' title="bbox 175 1337 1076 1416; baseline 0.002 -17"><span class='ocrx_word' id='word_1_96' title='bbox 175 1340 224 1399; x_wconf 92' lang='lat' dir='ltr'><strong>lll.</strong></span> <span class='ocrx_word' id='word_1_97' title='bbox 250 1341 285 1400; x_wconf 92' lang='lat' dir='ltr'><strong>ln</strong></span> <span class='ocrx_word' id='word_1_98' title='bbox 301 1339 398 1401; x_wconf 87' lang='lat' dir='ltr'><strong>Gallia</strong></span> <span class='ocrx_word' id='word_1_99' title='bbox 411 1338 451 1398; x_wconf 99' lang='grc' dir='ltr'><strong>Μ.</strong></span> <span class='ocrx_word' id='word_1_100' title='bbox 466 1337 577 1400; x_wconf 77' lang='lat' dir='ltr'><strong>Furius</strong></span> <span class='ocrx_word' id='word_1_101' title='bbox 597 1348 722 1416; x_wconf 86' lang='lat' dir='ltr'><strong>praetor</strong></span> <span class='ocrx_word' id='word_1_102' title='bbox 742 1339 916 1403; x_wconf 86' lang='lat' dir='ltr'><strong>insentibus</strong></span> <span class='ocrx_word' id='word_1_103' title='bbox 931 1342 1076 1403; x_wconf 85' lang='lat' dir='ltr'><strong>Cenoma·</strong></span> 
     </span>
     <span class='ocr_line' id='line_1_14' title="bbox 23 1422 1078 1499; baseline 0.001 -17"><span class='ocrx_word' id='word_1_104' title='bbox 23 1461 24 1482; x_wconf 77' lang='grc'><strong>.</strong></span> <span class='ocrx_word' id='word_1_105' title='bbox 98 1423 150 1495; x_wconf 88' lang='lat' dir='ltr'><strong>nis,</strong></span> <span class='ocrx_word' id='word_1_106' title='bbox 165 1422 195 1483; x_wconf 93' lang='lat' dir='ltr'><strong>in</strong></span> <span class='ocrx_word' id='word_1_107' title='bbox 211 1439 293 1499; x_wconf 88' lang='lat' dir='ltr'><strong>pace</strong></span> <span class='ocrx_word' id='word_1_108' title='bbox 308 1422 446 1499; x_wconf 90' lang='lat' dir='ltr'><strong>speeiem</strong></span> <span class='ocrx_word' id='word_1_109' title='bbox 460 1422 531 1483; x_wconf 87' lang='lat' dir='ltr'><strong>belli</strong></span> <span class='ocrx_word' id='word_1_110' title='bbox 546 1438 709 1498; x_wconf 87' lang='lat' dir='ltr'><strong>quaerens,</strong></span> <span class='ocrx_word' id='word_1_111' title='bbox 725 1425 881 1487; x_wconf 85' lang='lat' dir='ltr'><strong>ademerat</strong></span> <span class='ocrx_word' id='word_1_112' title='bbox 891 1441 985 1486; x_wconf 88' lang='lat' dir='ltr'><strong>erma.</strong></span> <span class='ocrx_word' id='word_1_113' title='bbox 1007 1424 1078 1484; x_wconf 89' lang='lat' dir='ltr'><strong>inde</strong></span> 
     </span>
     <span class='ocr_line' id='line_1_15' title="bbox 99 1505 1078 1584; baseline -0.001 -17"><span class='ocrx_word' id='word_1_114' title='bbox 99 1505 262 1568; x_wconf 59' lang='lat' dir='ltr'><strong>&amp;romani</strong></span> <span class='ocrx_word' id='word_1_115' title='bbox 279 1505 442 1582; x_wconf 84' lang='lat' dir='ltr'><strong>conquesti</strong></span> <span class='ocrx_word' id='word_1_116' title='bbox 456 1507 572 1568; x_wconf 87' lang='lat' dir='ltr'><strong>Romae</strong></span> <span class='ocrx_word' id='word_1_117' title='bbox 586 1506 671 1583; x_wconf 91' lang='lat' dir='ltr'><strong>apud</strong></span> <span class='ocrx_word' id='word_1_118' title='bbox 686 1515 842 1581; x_wconf 89' lang='lat' dir='ltr'><strong>senatum,</strong></span> <span class='ocrx_word' id='word_1_119' title='bbox 857 1507 1025 1584; x_wconf 78' lang='lat' dir='ltr'><strong>reiectique</strong></span> <span class='ocrx_word' id='word_1_120' title='bbox 1039 1507 1078 1567; x_wconf 93' lang='lat' dir='ltr'><strong>ad</strong></span> 
     </span>
     <span class='ocr_line' id='line_1_16' title="bbox 100 1588 1076 1667; baseline 0.001 -19"><span class='ocrx_word' id='word_1_121' title='bbox 100 1593 255 1652; x_wconf 88' lang='lat' dir='ltr'><strong>consulem</strong></span> <span class='ocrx_word' id='word_1_122' title='bbox 272 1591 449 1662; x_wconf 91' lang='lat' dir='ltr'><strong>Aemilium,</strong></span> <span class='ocrx_word' id='word_1_123' title='bbox 472 1588 521 1650; x_wconf 92' lang='lat' dir='ltr'><strong>cui</strong></span> <span class='ocrx_word' id='word_1_124' title='bbox 540 1597 574 1652; x_wconf 92' lang='lat' dir='ltr'><strong>ut</strong></span> <span class='ocrx_word' id='word_1_125' title='bbox 588 1599 792 1666; x_wconf 83' lang='lat' dir='ltr'><strong>cognosceret</strong></span> <span class='ocrx_word' id='word_1_126' title='bbox 806 1598 1016 1667; x_wconf 82' lang='lat' dir='ltr'><strong>statueretque</strong></span> <span class='ocrx_word' id='word_1_127' title='bbox 1030 1605 1076 1651; x_wconf 90' lang='lat' dir='ltr'><strong>se·</strong></span> 
     </span>
     <span class='ocr_line' id='line_1_17' title="bbox 101 1673 1078 1750; baseline 0.004 -20"><span class='ocrx_word' id='word_1_128' title='bbox 101 1681 183 1734; x_wconf 90' lang='lat' dir='ltr'><strong>natus</strong></span> <span class='ocrx_word' id='word_1_129' title='bbox 204 1673 405 1750; x_wconf 86' lang='lat' dir='ltr'><strong>permiserat,</strong></span> <span class='ocrx_word' id='word_1_130' title='bbox 426 1689 537 1748; x_wconf 76' lang='lat' dir='ltr'><strong>magno</strong></span> <span class='ocrx_word' id='word_1_131' title='bbox 553 1673 719 1735; x_wconf 86' lang='lat' dir='ltr'><strong>certamine</strong></span> <span class='ocrx_word' id='word_1_132' title='bbox 734 1690 803 1735; x_wconf 90' lang='lat' dir='ltr'><strong>cum</strong></span> <span class='ocrx_word' id='word_1_133' title='bbox 820 1679 961 1750; x_wconf 90' lang='lat' dir='ltr'><strong>praetore</strong></span> <span class='ocrx_word' id='word_1_134' title='bbox 975 1673 1078 1735; x_wconf 87' lang='lat' dir='ltr'><strong>habito</strong></span> 
     </span>
     <span class='ocr_line' id='line_1_18' title="bbox 100 1756 1079 1830; baseline 0.001 -13"><span class='ocrx_word' id='word_1_135' title='bbox 100 1762 260 1819; x_wconf 90' lang='lat' dir='ltr'><strong>tenuerunt</strong></span> <span class='ocrx_word' id='word_1_136' title='bbox 280 1772 415 1818; x_wconf 87' lang='lat' dir='ltr'><strong>causam.</strong></span> <span class='ocrx_word' id='word_1_137' title='bbox 447 1772 531 1817; x_wconf 89' lang='lat' dir='ltr'><strong>arma</strong></span> <span class='ocrx_word' id='word_1_138' title='bbox 550 1757 683 1817; x_wconf 86' lang='lat' dir='ltr'><strong>reddere</strong></span> <span class='ocrx_word' id='word_1_139' title='bbox 704 1756 902 1830; x_wconf 80' lang='lat' dir='ltr'><strong>cenomanis,</strong></span> <span class='ocrx_word' id='word_1_140' title='bbox 927 1758 1079 1819; x_wconf 87' lang='lat' dir='ltr'><strong>decedere</strong></span> 
     </span>
     <span class='ocr_line' id='line_1_19' title="bbox 102 1841 525 1917; baseline -0.005 -18"><span class='ocrx_word' id='word_1_141' title='bbox 102 1841 259 1914; x_wconf 86' lang='lat' dir='ltr'><strong>provincia</strong></span> <span class='ocrx_word' id='word_1_142' title='bbox 273 1848 398 1917; x_wconf 89' lang='lat' dir='ltr'><strong>praetor</strong></span> <span class='ocrx_word' id='word_1_143' title='bbox 411 1841 525 1902; x_wconf 89' lang='lat' dir='ltr'><strong>iussus.</strong></span> 
     </span>
    </p>

    <p class='ocr_par' dir='ltr' id='par_1_4' title="bbox 103 1923 1083 2753">
     <span class='ocr_line' id='line_1_20' title="bbox 179 1923 1080 2001; baseline 0 -18"><span class='ocrx_word' id='word_1_144' title='bbox 179 1925 307 2001; x_wconf 82' lang='lat' dir='ltr'><strong>Legatis</strong></span> <span class='ocrx_word' id='word_1_145' title='bbox 322 1924 434 1985; x_wconf 93' lang='lat' dir='ltr'><strong>deinde</strong></span> <span class='ocrx_word' id='word_1_146' title='bbox 447 1923 601 1985; x_wconf 89' lang='lat' dir='ltr'><strong>sociorum</strong></span> <span class='ocrx_word' id='word_1_147' title='bbox 612 1924 711 1984; x_wconf 86' lang='lat' dir='ltr'><strong>Latini</strong></span> <span class='ocrx_word' id='word_1_148' title='bbox 726 1924 867 1996; x_wconf 88' lang='lat' dir='ltr'><strong>nominis,</strong></span> <span class='ocrx_word' id='word_1_149' title='bbox 884 1924 936 1999; x_wconf 94' lang='lat' dir='ltr'><strong>qui</strong></span> <span class='ocrx_word' id='word_1_150' title='bbox 950 1930 1013 1985; x_wconf 92' lang='lat' dir='ltr'><strong>toto</strong></span> <span class='ocrx_word' id='word_1_151' title='bbox 1025 1941 1080 1985; x_wconf 92' lang='lat' dir='ltr'><strong>un·</strong></span> 
     </span>
     <span class='ocr_line' id='line_1_21' title="bbox 103 2005 1080 2084; baseline 0.003 -19"><span class='ocrx_word' id='word_1_152' title='bbox 103 2006 189 2083; x_wconf 88' lang='lat' dir='ltr'><strong>dique</strong></span> <span class='ocrx_word' id='word_1_153' title='bbox 202 2024 245 2070; x_wconf 88' lang='lat' dir='ltr'><strong>ex</strong></span> <span class='ocrx_word' id='word_1_154' title='bbox 256 2008 343 2070; x_wconf 88' lang='lat' dir='ltr'><strong>Latio</strong></span> <span class='ocrx_word' id='word_1_155' title='bbox 358 2009 533 2084; x_wconf 79' lang='lat' dir='ltr'><strong>trequentes</strong></span> <span class='ocrx_word' id='word_1_156' title='bbox 547 2015 766 2082; x_wconf 83' lang='lat' dir='ltr'><strong>convenerant,</strong></span> <span class='ocrx_word' id='word_1_157' title='bbox 782 2015 908 2069; x_wconf 89' lang='lat' dir='ltr'><strong>senatus</strong></span> <span class='ocrx_word' id='word_1_158' title='bbox 922 2005 1011 2068; x_wconf 89' lang='lat' dir='ltr'><strong>datus</strong></span> <span class='ocrx_word' id='word_1_159' title='bbox 1023 2014 1080 2068; x_wconf 87' lang='lat' dir='ltr'><strong>est</strong></span> 
     </span>
     <span class='ocr_line' id='line_1_22' title="bbox 103 2088 1077 2168; baseline 0.001 -17"><span class='ocrx_word' id='word_1_160' title='bbox 103 2088 145 2151; x_wconf 88' lang='lat' dir='ltr'><strong>his</strong></span> <span class='ocrx_word' id='word_1_161' title='bbox 160 2091 360 2168; x_wconf 88' lang='lat' dir='ltr'><strong>querentibus</strong></span> <span class='ocrx_word' id='word_1_162' title='bbox 374 2107 514 2167; x_wconf 79' lang='lat' dir='ltr'><strong>magnam</strong></span> <span class='ocrx_word' id='word_1_163' title='bbox 525 2090 745 2154; x_wconf 80' lang='lat' dir='ltr'><strong>midlltudinem</strong></span> <span class='ocrx_word' id='word_1_164' title='bbox 761 2089 872 2153; x_wconf 81' lang='lat' dir='ltr'><strong>civium</strong></span> <span class='ocrx_word' id='word_1_165' title='bbox 883 2106 1010 2152; x_wconf 88' lang='lat' dir='ltr'><strong>suorum</strong></span> <span class='ocrx_word' id='word_1_166' title='bbox 1019 2091 1077 2152; x_wconf 89' lang='lat' dir='ltr'><strong>Ro·</strong></span> 
     </span>
     <span class='ocr_line' id='line_1_23' title="bbox 105 2172 1081 2252; baseline 0 -20"><span class='ocrx_word' id='word_1_167' title='bbox 105 2187 177 2235; x_wconf 89' lang='lat' dir='ltr'><strong>mam</strong></span> <span class='ocrx_word' id='word_1_168' title='bbox 192 2175 416 2252; x_wconf 76' lang='lat' dir='ltr'><strong>commigrasse</strong></span> <span class='ocrx_word' id='word_1_169' title='bbox 431 2184 461 2237; x_wconf 94' lang='lat' dir='ltr'><strong>et</strong></span> <span class='ocrx_word' id='word_1_170' title='bbox 475 2173 517 2236; x_wconf 90' lang='lat' dir='ltr'><strong>ibi</strong></span> <span class='ocrx_word' id='word_1_171' title='bbox 531 2191 643 2237; x_wconf 89' lang='lat' dir='ltr'><strong>censos</strong></span> <span class='ocrx_word' id='word_1_172' title='bbox 654 2191 735 2251; x_wconf 88' lang='lat' dir='ltr'><strong>esse,</strong></span> <span class='ocrx_word' id='word_1_173' title='bbox 747 2175 781 2251; x_wconf 80' lang='lat' dir='ltr'><strong>Q.</strong></span> <span class='ocrx_word' id='word_1_174' title='bbox 792 2174 933 2237; x_wconf 84' lang='lat' dir='ltr'><strong>Terentio</strong></span> <span class='ocrx_word' id='word_1_175' title='bbox 946 2172 1081 2236; x_wconf 83' lang='lat' dir='ltr'><strong>Culleoni</strong></span> 
     </span>
     <span class='ocr_line' id='line_1_24' title="bbox 105 2258 1082 2335; baseline 0.001 -19"><span class='ocrx_word' id='word_1_176' title='bbox 105 2262 233 2331; x_wconf 87' lang='lat' dir='ltr'><strong>praetori</strong></span> <span class='ocrx_word' id='word_1_177' title='bbox 250 2260 405 2335; x_wconf 80' lang='lat' dir='ltr'><strong>negotium</strong></span> <span class='ocrx_word' id='word_1_178' title='bbox 419 2259 523 2320; x_wconf 89' lang='lat' dir='ltr'><strong>datum</strong></span> <span class='ocrx_word' id='word_1_179' title='bbox 537 2266 594 2333; x_wconf 83' lang='lat' dir='ltr'><strong>est,</strong></span> <span class='ocrx_word' id='word_1_180' title='bbox 610 2267 713 2321; x_wconf 88' lang='lat' dir='ltr'><strong>utens</strong></span> <span class='ocrx_word' id='word_1_181' title='bbox 728 2258 932 2335; x_wconf 86' lang='lat' dir='ltr'><strong>conquireret,</strong></span> <span class='ocrx_word' id='word_1_182' title='bbox 948 2265 980 2318; x_wconf 90' lang='lat' dir='ltr'><strong>et</strong></span> <span class='ocrx_word' id='word_1_183' title='bbox 990 2273 1082 2334; x_wconf 87' lang='lat' dir='ltr'><strong>quem</strong></span> 
     </span>
     <span class='ocr_line' id='line_1_25' title="bbox 105 2338 1080 2420; baseline 0 -20"><span class='ocrx_word' id='word_1_184' title='bbox 105 2338 133 2400; x_wconf 80' lang='lat' dir='ltr'><strong>(i.</strong></span> <span class='ocrx_word' id='word_1_185' title='bbox 144 2342 272 2405; x_wconf 80' lang='lat' dir='ltr'><strong>claudio</strong></span> <span class='ocrx_word' id='word_1_186' title='bbox 283 2343 322 2403; x_wconf 89' lang='grc' dir='ltr'><strong>Μ.</strong></span> <span class='ocrx_word' id='word_1_187' title='bbox 331 2342 418 2404; x_wconf 87' lang='lat' dir='ltr'><strong>Livio</strong></span> <span class='ocrx_word' id='word_1_188' title='bbox 433 2343 615 2409; x_wconf 89' lang='lat' dir='ltr'><strong>censoribus</strong></span> <span class='ocrx_word' id='word_1_189' title='bbox 629 2351 741 2420; x_wconf 89' lang='lat' dir='ltr'><strong>postve</strong></span> <span class='ocrx_word' id='word_1_190' title='bbox 751 2358 808 2405; x_wconf 90' lang='lat' dir='ltr'><strong>eos</strong></span> <span class='ocrx_word' id='word_1_191' title='bbox 820 2356 967 2403; x_wconf 90' lang='lat' dir='ltr'><strong>censores</strong></span> <span class='ocrx_word' id='word_1_192' title='bbox 979 2341 1080 2416; x_wconf 87' lang='lat' dir='ltr'><strong>ipsum</strong></span> 
     </span>
     <span class='ocr_line' id='line_1_26' title="bbox 106 2421 1081 2503; baseline -0.003 -19"><span class='ocrx_word' id='word_1_193' title='bbox 106 2435 299 2498; x_wconf 86' lang='lat' dir='ltr'><strong>parentemve</strong></span> <span class='ocrx_word' id='word_1_194' title='bbox 321 2426 388 2488; x_wconf 92' lang='lat' dir='ltr'><strong>eius</strong></span> <span class='ocrx_word' id='word_1_195' title='bbox 409 2426 493 2502; x_wconf 91' lang='lat' dir='ltr'><strong>apud</strong></span> <span class='ocrx_word' id='word_1_196' title='bbox 509 2441 546 2486; x_wconf 89' lang='lat' dir='ltr'><strong>se</strong></span> <span class='ocrx_word' id='word_1_197' title='bbox 566 2442 693 2489; x_wconf 90' lang='lat' dir='ltr'><strong>censum</strong></span> <span class='ocrx_word' id='word_1_198' title='bbox 707 2442 779 2488; x_wconf 87' lang='lat' dir='ltr'><strong>esse</strong></span> <span class='ocrx_word' id='word_1_199' title='bbox 795 2425 981 2503; x_wconf 85' lang='lat' dir='ltr'><strong>probassent</strong></span> <span class='ocrx_word' id='word_1_200' title='bbox 994 2421 1081 2497; x_wconf 92' lang='lat' dir='ltr'><strong>socii,</strong></span> 
     </span>
     <span class='ocr_line' id='line_1_27' title="bbox 106 2505 1083 2584; baseline -0.002 -17"><span class='ocrx_word' id='word_1_201' title='bbox 106 2514 136 2568; x_wconf 93' lang='lat' dir='ltr'><strong>ut</strong></span> <span class='ocrx_word' id='word_1_202' title='bbox 147 2512 250 2572; x_wconf 88' lang='lat' dir='ltr'><strong>redire</strong></span> <span class='ocrx_word' id='word_1_203' title='bbox 267 2526 305 2572; x_wconf 89' lang='lat' dir='ltr'><strong>eo</strong></span> <span class='ocrx_word' id='word_1_204' title='bbox 326 2517 451 2584; x_wconf 78' lang='lat' dir='ltr'><strong>cogeret</strong></span> <span class='ocrx_word' id='word_1_205' title='bbox 463 2508 517 2570; x_wconf 87' lang='lat' dir='ltr'><strong>ubi</strong></span> <span class='ocrx_word' id='word_1_206' title='bbox 534 2511 620 2571; x_wconf 88' lang='lat' dir='ltr'><strong>censi</strong></span> <span class='ocrx_word' id='word_1_207' title='bbox 634 2517 748 2572; x_wconf 86' lang='lat' dir='ltr'><strong>essent.</strong></span> <span class='ocrx_word' id='word_1_208' title='bbox 782 2509 840 2570; x_wconf 80' lang='lat' dir='ltr'><strong>liae</strong></span> <span class='ocrx_word' id='word_1_209' title='bbox 856 2505 1083 2583; x_wconf 90' lang='lat' dir='ltr'><strong>conquisitione</strong></span> 
     </span>
     <span class='ocr_line' id='line_1_28' title="bbox 107 2590 1068 2666; baseline 0.001 -16"><span class='ocrx_word' id='word_1_210' title='bbox 107 2590 265 2656; x_wconf 89' lang='lat' dir='ltr'><strong>duodecim</strong></span> <span class='ocrx_word' id='word_1_211' title='bbox 279 2593 363 2654; x_wconf 88' lang='lat' dir='ltr'><strong>milla</strong></span> <span class='ocrx_word' id='word_1_212' title='bbox 372 2593 547 2655; x_wconf 86' lang='lat' dir='ltr'><strong>Latinorum</strong></span> <span class='ocrx_word' id='word_1_213' title='bbox 558 2594 669 2655; x_wconf 90' lang='lat' dir='ltr'><strong>domos</strong></span> <span class='ocrx_word' id='word_1_214' title='bbox 681 2594 847 2666; x_wconf 83' lang='lat' dir='ltr'><strong>redierunt,</strong></span> <span class='ocrx_word' id='word_1_215' title='bbox 863 2593 923 2653; x_wconf 86' lang='lat' dir='ltr'><strong>iarn</strong></span> <span class='ocrx_word' id='word_1_216' title='bbox 934 2597 997 2653; x_wconf 88' lang='lat' dir='ltr'><strong>tum</strong></span> <span class='ocrx_word' id='word_1_217' title='bbox 1007 2590 1068 2651; x_wconf 90' lang='lat' dir='ltr'><strong>mul</strong></span> 
     </span>
     <span class='ocr_line' id='line_1_29' title="bbox 107 2672 772 2753; baseline 0 -19"><span class='ocrx_word' id='word_1_218' title='bbox 107 2672 227 2738; x_wconf 91' lang='lat' dir='ltr'><strong>titudine</strong></span> <span class='ocrx_word' id='word_1_219' title='bbox 243 2677 480 2753; x_wconf 77' lang='lat' dir='ltr'><strong>alienigenarum</strong></span> <span class='ocrx_word' id='word_1_220' title='bbox 494 2676 601 2737; x_wconf 90' lang='lat' dir='ltr'><strong>urbem</strong></span> <span class='ocrx_word' id='word_1_221' title='bbox 616 2684 772 2738; x_wconf 88' lang='lat' dir='ltr'><strong>onerante.</strong></span> 
     </span>
    </p>

    <p class='ocr_par' dir='ltr' id='par_1_5' title="bbox 110 2757 1086 3588">
     <span class='ocr_line' id='line_1_30' title="bbox 185 2757 1084 2836; baseline -0.006 -14"><span class='ocrx_word' id='word_1_222' title='bbox 185 2762 239 2822; x_wconf 88' lang='lat' dir='ltr'><strong>lv.</strong></span> <span class='ocrx_word' id='word_1_223' title='bbox 260 2761 444 2836; x_wconf 90' lang='lat' dir='ltr'><strong>Priusquam</strong></span> <span class='ocrx_word' id='word_1_224' title='bbox 454 2760 600 2822; x_wconf 88' lang='lat' dir='ltr'><strong>eonsules</strong></span> <span class='ocrx_word' id='word_1_225' title='bbox 610 2759 746 2821; x_wconf 87' lang='lat' dir='ltr'><strong>redirent</strong></span> <span class='ocrx_word' id='word_1_226' title='bbox 756 2762 894 2835; x_wconf 87' lang='lat' dir='ltr'><strong>Romam,</strong></span> <span class='ocrx_word' id='word_1_227' title='bbox 905 2759 945 2820; x_wconf 83' lang='lat' dir='ltr'><strong>ll.</strong></span> <span class='ocrx_word' id='word_1_228' title='bbox 957 2757 1084 2820; x_wconf 81' lang='lat' dir='ltr'><strong>Fulvius</strong></span> 
     </span>
     <span class='ocr_line' id='line_1_31' title="bbox 110 2839 1084 2920; baseline -0.001 -19"><span class='ocrx_word' id='word_1_229' title='bbox 110 2848 271 2914; x_wconf 83' lang='lat' dir='ltr'><strong>proconsul</strong></span> <span class='ocrx_word' id='word_1_230' title='bbox 292 2861 332 2905; x_wconf 87' lang='lat' dir='ltr'><strong>ex</strong></span> <span class='ocrx_word' id='word_1_231' title='bbox 345 2843 467 2905; x_wconf 81' lang='lat' dir='ltr'><strong>Aetolia</strong></span> <span class='ocrx_word' id='word_1_232' title='bbox 482 2843 576 2915; x_wconf 83' lang='lat' dir='ltr'><strong>redit;</strong></span> <span class='ocrx_word' id='word_1_233' title='bbox 599 2843 690 2920; x_wconf 91' lang='lat' dir='ltr'><strong>isque</strong></span> <span class='ocrx_word' id='word_1_234' title='bbox 707 2843 746 2904; x_wconf 92' lang='lat' dir='ltr'><strong>ad</strong></span> <span class='ocrx_word' id='word_1_235' title='bbox 763 2843 871 2904; x_wconf 90' lang='lat' dir='ltr'><strong>aedem</strong></span> <span class='ocrx_word' id='word_1_236' title='bbox 886 2843 1038 2918; x_wconf 85' lang='lat' dir='ltr'><strong>Apollinis</strong></span> <span class='ocrx_word' id='word_1_237' title='bbox 1053 2839 1084 2900; x_wconf 93' lang='lat' dir='ltr'><strong>in</strong></span> 
     </span>
     <span class='ocr_line' id='line_1_32' title="bbox 110 2926 1083 3004; baseline 0.001 -21"><span class='ocrx_word' id='word_1_238' title='bbox 110 2935 212 2992; x_wconf 89' lang='lat' dir='ltr'><strong>senatu</strong></span> <span class='ocrx_word' id='word_1_239' title='bbox 227 2945 296 2989; x_wconf 92' lang='lat' dir='ltr'><strong>curn</strong></span> <span class='ocrx_word' id='word_1_240' title='bbox 311 2928 351 2989; x_wconf 89' lang='lat' dir='ltr'><strong>de</strong></span> <span class='ocrx_word' id='word_1_241' title='bbox 366 2927 460 2988; x_wconf 89' lang='lat' dir='ltr'><strong>rebus</strong></span> <span class='ocrx_word' id='word_1_242' title='bbox 476 2927 506 2988; x_wconf 88' lang='lat' dir='ltr'><strong>in</strong></span> <span class='ocrx_word' id='word_1_243' title='bbox 521 2928 643 2989; x_wconf 91' lang='lat' dir='ltr'><strong>Aetolia</strong></span> <span class='ocrx_word' id='word_1_244' title='bbox 656 2926 915 3004; x_wconf 84' lang='lat' dir='ltr'><strong>Cephalleniaque</strong></span> <span class='ocrx_word' id='word_1_245' title='bbox 929 2926 968 2987; x_wconf 90' lang='lat' dir='ltr'><strong>ab</strong></span> <span class='ocrx_word' id='word_1_246' title='bbox 983 2940 1018 2986; x_wconf 92' lang='lat' dir='ltr'><strong>se</strong></span> <span class='ocrx_word' id='word_1_247' title='bbox 1032 2940 1083 3000; x_wconf 76' lang='lat' dir='ltr'><strong>ge</strong></span> 
     </span>
     <span class='ocr_line' id='line_1_33' title="bbox 110 3009 1085 3086; baseline -0.001 -19"><span class='ocrx_word' id='word_1_248' title='bbox 110 3009 160 3072; x_wconf 89' lang='lat' dir='ltr'><strong>stis</strong></span> <span class='ocrx_word' id='word_1_249' title='bbox 180 3012 394 3086; x_wconf 89' lang='lat' dir='ltr'><strong>disseruisset,</strong></span> <span class='ocrx_word' id='word_1_250' title='bbox 415 3009 491 3086; x_wconf 91' lang='lat' dir='ltr'><strong>petit</strong></span> <span class='ocrx_word' id='word_1_251' title='bbox 504 3027 522 3070; x_wconf 89' lang='lat' dir='ltr'><strong>a</strong></span> <span class='ocrx_word' id='word_1_252' title='bbox 537 3011 692 3085; x_wconf 88' lang='lat' dir='ltr'><strong>patribus,</strong></span> <span class='ocrx_word' id='word_1_253' title='bbox 713 3016 748 3071; x_wconf 94' lang='lat' dir='ltr'><strong>ut</strong></span> <span class='ocrx_word' id='word_1_254' title='bbox 760 3026 894 3086; x_wconf 92' lang='lat' dir='ltr'><strong>aequum</strong></span> <span class='ocrx_word' id='word_1_255' title='bbox 914 3013 1085 3081; x_wconf 90' lang='lat' dir='ltr'><strong>censerent,</strong></span> 
     </span>
     <span class='ocr_line' id='line_1_34' title="bbox 111 3092 1077 3171; baseline -0.001 -21"><span class='ocrx_word' id='word_1_256' title='bbox 111 3092 147 3152; x_wconf 89' lang='lat' dir='ltr'><strong>ob</strong></span> <span class='ocrx_word' id='word_1_257' title='bbox 165 3112 231 3156; x_wconf 89' lang='lat' dir='ltr'><strong>rem</strong></span> <span class='ocrx_word' id='word_1_258' title='bbox 251 3095 404 3171; x_wconf 89' lang='lat' dir='ltr'><strong>publicam</strong></span> <span class='ocrx_word' id='word_1_259' title='bbox 424 3095 503 3154; x_wconf 90' lang='lat' dir='ltr'><strong>bene</strong></span> <span class='ocrx_word' id='word_1_260' title='bbox 518 3109 554 3153; x_wconf 91' lang='lat' dir='ltr'><strong>ae</strong></span> <span class='ocrx_word' id='word_1_261' title='bbox 570 3092 698 3155; x_wconf 90' lang='lat' dir='ltr'><strong>ieliciter</strong></span> <span class='ocrx_word' id='word_1_262' title='bbox 711 3099 831 3170; x_wconf 79' lang='lat' dir='ltr'><strong>gestam</strong></span> <span class='ocrx_word' id='word_1_263' title='bbox 846 3100 877 3154; x_wconf 89' lang='lat' dir='ltr'><strong>et</strong></span> <span class='ocrx_word' id='word_1_264' title='bbox 889 3093 949 3154; x_wconf 89' lang='lat' dir='ltr'><strong>diis</strong></span> <span class='ocrx_word' id='word_1_265' title='bbox 964 3094 1077 3151; x_wconf 84' lang='lat' dir='ltr'><strong>immor</strong></span> 
     </span>
     <span class='ocr_line' id='line_1_35' title="bbox 112 3175 1083 3251; baseline -0.002 -16"><span class='ocrx_word' id='word_1_266' title='bbox 112 3176 214 3242; x_wconf 88' lang='lat' dir='ltr'><strong>talibus</strong></span> <span class='ocrx_word' id='word_1_267' title='bbox 229 3179 377 3240; x_wconf 84' lang='lat' dir='ltr'><strong>honorem</strong></span> <span class='ocrx_word' id='word_1_268' title='bbox 391 3176 497 3238; x_wconf 84' lang='lat' dir='ltr'><strong>haberi</strong></span> <span class='ocrx_word' id='word_1_269' title='bbox 511 3177 651 3238; x_wconf 90' lang='lat' dir='ltr'><strong>iuberent</strong></span> <span class='ocrx_word' id='word_1_270' title='bbox 664 3184 695 3237; x_wconf 91' lang='lat' dir='ltr'><strong>et</strong></span> <span class='ocrx_word' id='word_1_271' title='bbox 709 3175 768 3238; x_wconf 89' lang='lat' dir='ltr'><strong>sibi</strong></span> <span class='ocrx_word' id='word_1_272' title='bbox 781 3176 966 3251; x_wconf 84' lang='lat' dir='ltr'><strong>triumphum</strong></span> <span class='ocrx_word' id='word_1_273' title='bbox 979 3176 1083 3236; x_wconf 88' lang='lat' dir='ltr'><strong>decer·</strong></span> 
     </span>
     <span class='ocr_line' id='line_1_36' title="bbox 113 3258 1086 3337; baseline 0.001 -22"><span class='ocrx_word' id='word_1_274' title='bbox 113 3270 221 3323; x_wconf 87' lang='lat' dir='ltr'><strong>nerent.</strong></span> <span class='ocrx_word' id='word_1_275' title='bbox 241 3260 433 3335; x_wconf 29' lang='lat' dir='ltr'><strong>M.,Aburius</strong></span> <span class='ocrx_word' id='word_1_276' title='bbox 449 3260 589 3322; x_wconf 89' lang='lat' dir='ltr'><strong>tribunus</strong></span> <span class='ocrx_word' id='word_1_277' title='bbox 604 3261 713 3337; x_wconf 90' lang='lat' dir='ltr'><strong>plebis,</strong></span> <span class='ocrx_word' id='word_1_278' title='bbox 731 3258 757 3320; x_wconf 92' lang='lat' dir='ltr'><strong>si</strong></span> <span class='ocrx_word' id='word_1_279' title='bbox 773 3258 848 3335; x_wconf 93' lang='lat' dir='ltr'><strong>quid</strong></span> <span class='ocrx_word' id='word_1_280' title='bbox 863 3261 901 3320; x_wconf 87' lang='lat' dir='ltr'><strong>de</strong></span> <span class='ocrx_word' id='word_1_281' title='bbox 915 3274 954 3321; x_wconf 89' lang='lat' dir='ltr'><strong>ea</strong></span> <span class='ocrx_word' id='word_1_282' title='bbox 967 3274 1001 3319; x_wconf 89' lang='lat' dir='ltr'><strong>re</strong></span> <span class='ocrx_word' id='word_1_283' title='bbox 1016 3265 1086 3319; x_wconf 89' lang='lat' dir='ltr'><strong>ante</strong></span> 
     </span>
     <span class='ocr_line' id='line_1_37' title="bbox 113 3338 1084 3415; baseline -0.002 -15"><span class='ocrx_word' id='word_1_284' title='bbox 113 3338 149 3400; x_wconf 88' lang='grc' dir='ltr'><strong>Μ.</strong></span> <span class='ocrx_word' id='word_1_285' title='bbox 162 3346 281 3406; x_wconf 89' lang='lat' dir='ltr'><strong>Aemilii</strong></span> <span class='ocrx_word' id='word_1_286' title='bbox 302 3342 440 3405; x_wconf 81' lang='lat' dir='ltr'><strong>considis</strong></span> <span class='ocrx_word' id='word_1_287' title='bbox 462 3344 626 3407; x_wconf 88' lang='lat' dir='ltr'><strong>adventum</strong></span> <span class='ocrx_word' id='word_1_288' title='bbox 648 3344 880 3415; x_wconf 85' lang='lat' dir='ltr'><strong>decerneretur,</strong></span> <span class='ocrx_word' id='word_1_289' title='bbox 901 3343 1084 3404; x_wconf 87' lang='lat' dir='ltr'><strong>intercessu-</strong></span> 
     </span>
     <span class='ocr_line' id='line_1_38' title="bbox 114 3425 1083 3502; baseline -0.008 -15"><span class='ocrx_word' id='word_1_290' title='bbox 114 3437 173 3487; x_wconf 88' lang='lat' dir='ltr'><strong>rum</strong></span> <span class='ocrx_word' id='word_1_291' title='bbox 187 3445 222 3490; x_wconf 88' lang='lat' dir='ltr'><strong>se</strong></span> <span class='ocrx_word' id='word_1_292' title='bbox 236 3427 384 3490; x_wconf 73' lang='lat' dir='ltr'><strong>amendia</strong></span> <span class='ocrx_word' id='word_1_293' title='bbox 407 3442 477 3488; x_wconf 92' lang='lat' dir='ltr'><strong>eum</strong></span> <span class='ocrx_word' id='word_1_294' title='bbox 491 3425 702 3489; x_wconf 87' lang='lat' dir='ltr'><strong>contradicere</strong></span> <span class='ocrx_word' id='word_1_295' title='bbox 717 3428 809 3498; x_wconf 90' lang='lat' dir='ltr'><strong>velle,</strong></span> <span class='ocrx_word' id='word_1_296' title='bbox 827 3426 1083 3502; x_wconf 80' lang='lat' dir='ltr'><strong>proticiscentem·</strong></span> 
     </span>
     <span class='ocr_line' id='line_1_39' title="bbox 116 3503 1079 3588; baseline -0.006 -20"><span class='ocrx_word' id='word_1_297' title='bbox 116 3521 170 3581; x_wconf 91' lang='lat' dir='ltr'><strong>qne</strong></span> <span class='ocrx_word' id='word_1_298' title='bbox 183 3512 213 3571; x_wconf 91' lang='lat' dir='ltr'><strong>iu</strong></span> <span class='ocrx_word' id='word_1_299' title='bbox 228 3510 417 3588; x_wconf 88' lang='lat' dir='ltr'><strong>provinciam</strong></span> <span class='ocrx_word' id='word_1_300' title='bbox 432 3509 474 3571; x_wconf 90' lang='lat' dir='ltr'><strong>ita</strong></span> <span class='ocrx_word' id='word_1_301' title='bbox 487 3510 545 3572; x_wconf 87' lang='lat' dir='ltr'><strong>sibi</strong></span> <span class='ocrx_word' id='word_1_302' title='bbox 559 3512 735 3585; x_wconf 88' lang='lat' dir='ltr'><strong>mandasse,</strong></span> <span class='ocrx_word' id='word_1_303' title='bbox 752 3517 784 3572; x_wconf 95' lang='lat' dir='ltr'><strong>ut</strong></span> <span class='ocrx_word' id='word_1_304' title='bbox 797 3525 835 3570; x_wconf 90' lang='lat' dir='ltr'><strong>ea</strong></span> <span class='ocrx_word' id='word_1_305' title='bbox 846 3504 1026 3584; x_wconf 89' lang='lat' dir='ltr'><strong>disceptatio</strong></span> <span class='ocrx_word' id='word_1_306' title='bbox 1040 3503 1079 3563; x_wconf 89' lang='lat' dir='ltr'><strong>in·</strong></span> 
     </span>
    </p>

    <p class='ocr_par' dir='ltr' id='par_1_6' title="bbox 842 3594 881 3652">
     <span class='ocr_line' id='line_1_40' title="bbox 842 3594 881 3652; baseline 0 -23"><span class='ocrx_word' id='word_1_307' title='bbox 842 3594 881 3652; x_wconf 67' lang='lat'><strong>1*</strong></span> 
     </span>
    </p>
   </div>
   <div class='ocr_carea' id='block_1_3' title="bbox 0 0 1346 4017">
    <p class='ocr_par' dir='ltr' id='par_1_7' title="bbox 0 0 1346 4017">
     <span class='ocr_line' id='line_1_41' title="bbox 0 0 1346 4017; baseline 0 0"><span class='ocrx_word' id='word_1_308' title='bbox 0 0 1346 4017; x_wconf 95' lang='lat' dir='ltr'><strong> </strong></span> 
     </span>
    </p>
   </div>
  </div>
 </body>
</html>
