2642 4017
227 226 291 293 276
388 228 504 290 LIBER
516 228 607 289 XLV.
629 227 712 289 OAP.
727 234 772 290 al.
782 237 827 291 lo.
849 234 886 303 [a.
898 234 935 287 U.
946 251 971 288 c.
982 234 1045 304 585]

228 389 361 445 suorum
375 379 475 457 vohis,
490 380 540 442 alii
554 381 620 456 regi
634 380 784 454 lavemnl,
805 395 867 441 non
882 380 1016 457 postulo,
1036 388 1070 443 ut
1082 390 1209 459 propter

228 482 302 542 noe,
325 465 377 542 qui
391 465 522 542 partium
534 470 706 525 vestrarum
720 461 849 538 immas,
869 461 953 539 regis
972 465 1109 527 lautores
1129 464 1209 529 salvi

228 550 306 621 siut;
327 549 402 611 illud
416 549 576 625 deprecor,
598 563 638 608 ne
651 562 710 608 nos
724 554 853 624 propter
866 546 935 609 illos
950 562 1123 623 pereamus.
1145 567 1209 612 non

228 634 303 696 estis
323 649 383 695 vos
403 631 464 694 illis
483 629 659 693 infestiores
675 646 768 707 quam
783 630 890 692 civitas
905 630 992 707 ipsa;
1016 637 1048 692 et
1061 631 1121 694 hoc
1135 632 1210 711 quia

228 718 375 789 sciebant,
391 716 530 793 plerique
543 730 651 777 eorum
664 720 717 777 aut
731 716 934 791 profugerunt
947 721 1138 778 autmortem
1149 716 1209 779 sihi

228 799 454 863 conscivemnt
487 799 538 860 alii
561 796 696 859 damnati
719 815 739 858 a
763 797 853 859 nohis
877 798 909 859 in
929 805 1082 876 potestate
1102 807 1207 863 vestra

228 890 331 960 erunt,
351 891 457 961 potres
472 883 647 960 conscripti.
676 881 770 943 octeni
782 881 894 944 Rhodii
907 882 989 945 sicut
1000 884 1127 958 mutiam
1140 885 1208 946 nul·

227 970 288 1028 lam
302 965 400 1028 meriti
413 966 474 1028 hoc
486 967 578 1040 bella
593 966 635 1029 ita
647 981 688 1026 ne
702 980 835 1043 poenam
850 965 974 1042 quidem
983 983 1102 1029 sumus.
1124 968 1208 1045 prio*

227 1067 295 1111 rum
316 1058 492 1112 nostrornm
511 1050 744 1112 benefactorum
766 1052 904 1112 cumulus
924 1050 999 1126 hoc,
1023 1051 1108 1126 quod
1126 1068 1208 1114 nunc

228 1141 383 1196 cessatum
397 1134 428 1195 in
443 1132 546 1196 oldeio
561 1141 624 1208 est,
646 1135 779 1210 explent
801 1149 871 1196 cnm
883 1135 981 1196 tribus
996 1135 1121 1210 regibus
1136 1150 1206 1210 ges·

228 1217 313 1279 sistis
327 1218 407 1279 bella
420 1233 477 1293 per
491 1217 550 1279 hos
564 1232 680 1279 annos=
703 1233 742 1278 na
756 1219 827 1294 plus
843 1218 924 1280 obsit
937 1217 1027 1280 nohis
1043 1219 1129 1296 quod
1143 1234 1206 1280 uno

227 1301 308 1364 hello
330 1302 537 1378 cessavimus,
562 1317 655 1378 quam
676 1301 762 1377 quod
787 1301 909 1363 duobus
930 1302 1019 1364 hellis
1039 1304 1207 1378 provehis

227 1385 442 1462 pugnavimus.
462 1385 636 1462 Philippum
648 1383 834 1447 Antiochum
844 1384 962 1448 vPersea
974 1393 1131 1463 umquem
1144 1394 1208 1449 tres

228 1470 395 1532 sententias
409 1471 529 1546 ponite:
550 1469 632 1530 dune
644 1480 706 1531 nos
721 1468 901 1531 absolvunts
923 1486 986 1530 aua
998 1475 1033 1531 ut
1046 1469 1139 1533 dubia
1149 1479 1207 1547 est,

227 1552 269 1614 ita
289 1554 412 1629 gravim
431 1555 491 1616 sill
509 1552 553 1614 illi
566 1554 607 1614 de
621 1552 713 1614 nohis
727 1552 754 1614 si
767 1553 952 1627 iudicarant,
974 1553 1108 1616 damnati
1121 1570 1207 1617 esse·

227 1653 306 1698 mus.
327 1654 386 1699 vos
400 1637 551 1711 iudicatis,
566 1644 670 1713 patres
685 1635 863 1714 conscripti,
876 1639 917 1699 sit
928 1637 1059 1699 Rhodus
1073 1638 1105 1698 in
1117 1637 1207 1701 terris

227 1736 267 1780 an
282 1720 419 1782 funditus
434 1722 587 1782 detectura
614 1737 676 1782 non
691 1721 773 1782 enim
787 1721 827 1781 de
840 1721 921 1784 hello
936 1721 1127 1796 deliberatis,
1150 1739 1205 1799 pa·

227 1811 290 1864 tres
306 1805 482 1880 conscripti,
497 1805 583 1881 quod
596 1804 709 1866 inferre
719 1805 861 1882 potestis,
875 1820 983 1886 gerere
993 1821 1055 1867 non
1066 1805 1208 1882 pompus,

228 1902 297 1948 cum
316 1903 406 1949 nemo
425 1888 613 1952 Rhodiorum
634 1905 719 1950 arma
734 1890 886 1951 adversus
905 1905 964 1950 vos
978 1891 1094 1952 laturus
1109 1888 1158 1951 sit.
1180 1889 1209 1952 si

228 1972 468 2047 perseverabitis
483 1970 514 2032 in
528 1974 588 2046 ira,
604 1980 727 2049 tempus
742 1973 865 2035 avohis
879 1980 1034 2050 peomne,
1050 1990 1114 2050 qno
1127 1974 1209 2036 hano

227 2057 379 2119 mnestam
406 2057 590 2133 legationem
605 2057 744 2134 ,domum
767 2058 954 2127 reseramus3
986 2057 1098 2118 omniu·
1111 2058 1208 2119 libera

227 2141 336 2217 capita,
354 2141 505 2218 quidquid
518 2140 710 2202 Rhodiorum
723 2141 860 2203 virum
875 2141 1055 2203 feminarum
1066 2149 1122 2217 est,
1138 2157 1227 2223 cum,

227 2225 310 2285 omui
325 2227 457 2301 pecunia
469 2234 576 2287 nostra
589 2240 687 2288 navas
701 2225 957 2299 conscendemus,
971 2239 1008 2286 aa
1022 2225 1137 2287 relictis
1152 2241 1207 2301 pe·

227 2306 349 2370 natibus
371 2308 502 2385 publicis
522 2309 713 2385 privatisque
732 2310 862 2371 Romam
880 2308 1055 2384 veniemus,
1080 2317 1111 2372 et
1124 2309 1207 2371 omni

227 2407 301 2453 auro
316 2402 347 2455 et
363 2399 499 2468 argento,
520 2393 674 2468 quidquid
687 2392 801 2468 publici
816 2390 967 2470 quidquid
978 2392 1088 2469 privati
1102 2400 1159 2468 est,
1174 2393 1207 2454 in

227 2474 365 2550 comitio,
386 2476 418 2536 in
440 2474 592 2536 vestibulo
615 2473 718 2536 curiae
740 2485 863 2537 vestrae
884 2477 1053 2551 cumulato,
1073 2492 1207 2553 corpora

227 2566 334 2619 nostra
353 2558 579 2632 coniugumque
598 2572 636 2618 ac
654 2557 822 2619 liberorum
842 2567 965 2622 vestrae
979 2561 1123 2635 potestati
1137 2576 1206 2636 per·

225 2640 392 2715 mittemus,
413 2639 464 2700 hic
476 2639 602 2716 passuri
617 2641 836 2718 quodcumque
851 2645 1027 2719 patiendum
1041 2643 1112 2704 erit:
1133 2659 1206 2720 pro·

226 2724 275 2783 cul
296 2722 335 2783 ab
355 2722 453 2784 oculis
473 2725 588 2785 nostris
605 2724 681 2786 urbs
695 2733 803 2786 nostra
822 2727 995 2804 diripiatur,
1015 2726 1204 2789 incendatur.

227 2805 331 2868 hostes
341 2806 481 2870 Rhodios
496 2824 568 2869 esee
578 2809 709 2871 Romani
722 2808 860 2872 iudicare
874 2819 1021 2888 possuntt
1043 2818 1205 2874 esttamen

225 2898 256 2951 et
275 2900 414 2953 nostrum
433 2893 560 2968 aliquod
580 2893 620 2954 dc
640 2894 731 2956 nobis
751 2894 911 2970 iudicium,
934 2897 1020 2973 quod
1039 2910 1205 2971 numquam

224 2973 428 3039 iudicabimus
450 2994 507 3038 nos
528 2985 651 3039 vestros
672 2977 793 3050 hostes,
819 2980 1062 3057 necquicquam
1083 2977 1203 3052 hostile,

224 3058 315 3120 etiam
330 3059 357 3121 si
372 3061 474 3122 omnia
487 3063 645 3138 patiemur,
660 3063 839 3124 faciemus.“

307 3142 400 3208 XXV.
432 3144 607 3209 Secundum
630 3148 722 3207 talem
747 3147 915 3209 orationem
938 3149 1075 3210 universi
1095 3166 1204 3211 nusus

223 3226 432 3304 prociderunt,
446 3246 614 3307 ramosque
628 3233 716 3292 oleae
730 3230 890 3307 supplices
905 3231 1063 3308 iactantes,
1079 3233 1204 3295 undem

224 3310 347 3374 excitati
372 3312 457 3375 curia
480 3322 691 3376 excesserunt
731 3321 803 3376 tnnc
828 3317 998 3382 sententiae
1022 3316 1203 3393 interrogari

223 3404 363 3472 coeptae.
383 3396 572 3460 infestissimi
591 3397 722 3459 Rhodiis
743 3404 829 3459 erant
850 3400 902 3474 qui
922 3401 1066 3463 consules
1080 3408 1203 3477 praeto-

221 3493 315 3541 resve
329 3487 382 3543 aut
396 3481 487 3556 legati
497 3487 659 3555 gesserant
669 3481 700 3541 in
711 3481 894 3543 Macedonia
903 3484 1025 3546 bellum.
1040 3486 1203 3561 plurimum
