2642 4017
274 272 387 334 LIBER
398 272 529 333 xxxix.
552 270 981 346 c.s1³.co.41.4a.[·.c.1st]
1076 271 1120 336 ³9

131 424 219 489 boris
241 421 370 500 periculi
388 422 479 482 terrei
498 437 599 498 prope
618 422 759 499 corporis
779 421 947 499 animique,
970 440 1059 500 quem
1081 439 1121 485 no

133 515 280 571 senectus
296 506 437 583 quidem,
452 521 532 581 quae
546 506 638 568 solvit
652 506 768 581 omnia,
784 507 916 581 fregerit,
932 507 984 583 qui
1000 514 1120 569 sexurm

133 602 165 655 et
185 590 407 667 octogesimum
426 605 540 650 anuum
561 605 656 666 agens
672 606 799 651 causam
821 589 947 663 dixerit,
973 588 1042 667 ipse
1063 607 1120 667 pro

135 694 170 739 se
185 676 321 739 oraverit
339 673 576 750 scripseritque,
598 674 800 750 nonagesimo
814 689 895 735 anno
910 671 977 735 Ser.
994 673 1120 736 Galbam

134 763 174 821 ad
191 757 299 836 populi
309 757 473 818 adduxerit
485 755 638 817 iudicium.
659 757 734 818 xil.
756 758 847 833 hunc,
863 757 943 818 sicut
954 757 1035 819 omni
1051 758 1119 833 vita,

135 853 198 905 tum
221 849 415 920 prensantem
432 840 590 916 premebat
605 840 765 912 nobilitas,
787 842 986 918 coierantque
1000 849 1122 918 praeter

133 929 168 987 L.
191 928 351 999 Flaccum,
378 923 430 1000 qui
453 925 573 999 collega
592 924 622 984 iu
644 928 805 988 consulatu
826 926 940 997 iuerat,
966 924 1121 987 candidati

136 1026 244 1072 omnes
259 1010 300 1069 ad
317 1008 510 1069 deiciendum
524 1008 641 1069 honore
655 1024 734 1085 curn,
751 1025 812 1071 non
827 1011 927 1071 solum
941 1016 976 1071 ut
989 1009 1050 1086 ipsi
1065 1026 1121 1086 po·

134 1094 196 1156 tius
211 1093 469 1169 adipiscerentur,
490 1107 547 1151 nec
562 1092 634 1167 quia
648 1092 883 1169 indignabantur
896 1110 1010 1156 novrsm
1023 1092 1121 1155 homi·

135 1195 205 1239 nem
227 1191 386 1237 censorem
407 1175 526 1249 videre,
550 1176 607 1236 sed
627 1176 717 1238 etiam
732 1178 815 1252 quod
830 1178 944 1239 tristem
959 1193 1120 1239 censuram

135 1260 406 1338 periculosamque
425 1260 588 1320 multorum
609 1260 707 1320 lamae
727 1268 758 1321 et
777 1262 816 1322 ab
831 1263 917 1323 laeso
933 1278 951 1321 a
966 1261 1122 1337 plerisque

135 1354 167 1407 et
181 1343 324 1405 laedendi
340 1343 452 1417 cupido
466 1343 696 1418 exspectabant.
723 1345 833 1405 etenim
847 1351 910 1406 tum
927 1359 1052 1420 quoque
1067 1343 1120 1402 mi·

135 1428 322 1489 uitabundus
342 1425 481 1502 petebat,
500 1426 648 1502 refragari
668 1426 727 1488 sibi
748 1428 800 1504 qui
821 1429 947 1489 liberam
969 1435 999 1487 et
1012 1428 1121 1488 fortem

135 1510 458 1579 censuramtimerent
478 1510 675 1571 criminando.
703 1518 734 1571 et
752 1510 844 1572 simul
863 1511 897 1572 L.
911 1510 1036 1571 Valerio
1057 1510 1120 1571 sui·

135 1595 327 1671 fragebatur:
348 1593 400 1655 ilio
421 1609 483 1654 uno
504 1595 622 1669 collega
642 1596 793 1669 castigare
812 1609 848 1655 se
867 1610 949 1655 nora
963 1592 1079 1670 flagitia
1092 1600 1123 1653 et

135 1680 260 1757 priscos
273 1692 420 1738 revocare
435 1693 537 1739 mores
552 1692 659 1753 posse.
689 1676 738 1738 his
752 1678 875 1739 accensi
889 1677 1045 1752 homiues,
1067 1676 1121 1737 ad·

134 1778 229 1823 versa
242 1760 407 1832 nobilitate,
422 1777 483 1821 nou
494 1761 534 1821 ld.
545 1759 688 1822 Porcium
699 1760 791 1821 modo
803 1776 963 1823 censorem
975 1762 1120 1831 iecerunt,

135 1847 192 1906 sed
209 1846 358 1920 collegam
372 1844 401 1904 ei
413 1844 446 1903 L.
461 1845 617 1906 Valerium
630 1842 773 1904 Flaccum
789 1844 973 1905 adiecerunt

224 1928 399 1989 Secundum
421 1929 542 2009 comitia
561 1944 726 1989 censorum
741 1928 886 1990 consules
900 1933 1123 2003 praetoresque

136 2014 170 2074 in
185 2013 358 2087 provincias
373 2011 503 2086 proiecti
518 2021 638 2088 praeter
652 2011 686 2086 Q.
699 2012 856 2086 Naevium,
873 2025 963 2087 quem
979 2015 1123 2087 quattuor

136 2112 200 2157 nou
212 2096 312 2157 minus
322 2110 456 2170 menses,
472 2096 653 2171 priusquam
664 2097 693 2155 in
706 2094 878 2157 Sardiniam
889 2095 955 2170 iret,
967 2093 1123 2170 quaestio·

138 2195 194 2240 nes
214 2180 369 2250 veneficii,
392 2195 520 2254 quarum
538 2195 679 2254 magnam
700 2187 816 2256 partem
839 2185 926 2240 extra
944 2178 1053 2239 urbem
1067 2192 1123 2254 per

137 2263 305 2339 municipia
325 2261 589 2338 conciliabulaque
608 2262 729 2338 habuit,
752 2263 825 2339 quia
843 2261 886 2322 ita
906 2262 1008 2338 aptius
1021 2260 1123 2321 visum

137 2353 217 2421 erat,
237 2352 409 2407 tenuerunt
432 2346 458 2407 si
472 2346 585 2407 Antiati
599 2347 724 2408 Valerio
745 2346 872 2407 credere
891 2344 978 2416 libet,
1003 2344 1042 2403 ad
1060 2344 1122 2404 duo

136 2430 292 2492 hominum
306 2430 389 2491 milia
404 2430 566 2490 damnavit,
589 2439 619 2492 et
632 2431 665 2490 L.
681 2429 853 2492 Postumius
868 2433 1058 2504 propraetor,
1075 2426 1124 2486 cui

137 2515 300 2575 Tarentum
314 2512 473 2589 provincia
487 2523 645 2587 evenerat,
666 2530 795 2590 magnas
811 2520 968 2589 pastorum
983 2510 1122 2572 coniura-

137 2599 238 2659 tiones
258 2595 437 2670 viudicavit‚
458 2603 488 2657 et
507 2596 655 2673 reliquias
674 2598 912 2659 Bacchanalium
933 2593 1123 2673 quaestionis

138 2696 209 2741 curn
229 2682 311 2742 omni
334 2688 499 2742 exsecutus
522 2688 570 2741 est
584 2698 667 2743 cura.
700 2683 812 2743 maritos
832 2681 884 2756 qui
898 2689 951 2742 aut
964 2680 1046 2742 citati
1060 2694 1124 2740 uon

138 2763 300 2826 adfuerant
313 2771 365 2826 aut
377 2764 475 2825 rades
490 2765 705 2840 deseruerant,
726 2766 757 2826 in
772 2780 810 2825 ea
823 2763 950 2839 regione
963 2764 1067 2825 ltaliae
1080 2763 1125 2822 la-

138 2854 237 2909 tentes
253 2848 361 2923 partim
375 2848 488 2908 noxios
502 2848 661 2922 iudicavit,
683 2849 792 2925 partim
806 2848 1048 2924 comprehensos
1061 2846 1127 2907 Ro·

137 2947 218 2991 mam
238 2931 279 2992 ad
293 2939 432 2992 senatum
446 2931 537 2992 misit.
565 2933 594 2992 in
610 2947 763 2992 carcerem
780 2946 887 2992 omnes
903 2948 921 2992 a
936 2930 968 2990 P.
984 2928 1124 2992 cornelio

138 3015 268 3076 coniecti
282 3022 362 3075 sunt.

222 3098 311 3159 XLII.
333 3100 367 3160 ln
376 3100 524 3176 Hispania
537 3098 682 3160 ulteriore
697 3099 801 3159 tractis
816 3098 957 3175 proximo
971 3098 1054 3158 bello
1064 3097 1124 3157 Lu·

138 3182 246 3243 silanis
273 3182 394 3258 quietae
413 3200 466 3244 res
487 3185 621 3244 merare
649 3183 842 3243 inciteriore
863 3183 900 3241 A.
913 3181 1073 3242 Terentius
1094 3178 1124 3238 in

139 3264 335 3327 Suessetanis
350 3268 498 3343 oppidum
510 3266 692 3327 Corbionem
706 3266 805 3327 vineis
819 3273 850 3328 et
864 3265 1011 3340 operibus
1026 3278 1124 3337 expu-

137 3350 255 3424 gnarit,
278 3352 418 3427 captivos
438 3351 589 3411 vendiditr
612 3350 715 3426 quieta
736 3349 847 3410 deinde
867 3348 996 3409 hiberna
1009 3351 1039 3406 et
1052 3344 1125 3404 cite·

137 3432 201 3492 rior
225 3434 385 3508 provincia
410 3433 525 3495 babuit.
560 3441 682 3495 veteres
706 3440 865 3508 praetores
886 3431 918 3491 C.
941 3426 1124 3505 Calpurnius

138 3513 208 3576 Piso
230 3523 261 3578 et
279 3518 314 3577 1„
336 3516 493 3591 Quinctius
512 3517 640 3579 Romam
663 3515 828 3578 redierunt
865 3514 987 3588 utrique
1011 3525 1124 3588 magno
