2642 4017
210 240 275 305 ast
376 239 808 302 antanaclasis.
824 243 908 313 [nu
924 243 1023 314 sess]

211 409 323 454 versus
342 393 501 452 Romanos
523 390 624 453 omnia
643 391 845 453 instruxissea
866 407 925 453 nec
939 393 1026 454 aliter
1040 409 1095 455 eas
1108 411 1195 456 man·

213 492 304 539 suras
323 475 354 536 in
374 475 436 537 ilde
449 479 572 551 genoes,
594 475 654 536 nisi
674 476 779 536 baetis
793 473 902 536 animis
916 477 1047 552 partium
1061 480 1196 540 aleretur

213 559 506 635 confirmareturque
519 556 686 620 auaodtas
703 573 825 632 aarum,
848 557 902 634 qui
915 559 990 620 nihil
1002 568 1126 636 praeter
1138 562 1195 623 im-

213 643 331 722 perium
350 642 557 704 Romanorum
576 648 762 717 spectarent
790 642 830 703 ab
850 641 900 702 his
913 643 1003 704 editis
1017 643 1193 707 nominibus

213 726 333 790 evocati
352 724 459 787 littoris
486 724 681 802 imperatoris
706 741 748 787 ex
767 726 889 787 Aetolia
907 725 1145 805 Acarnaniaque
1164 738 1193 792 et
1315 769 1320 809 ,2

211 811 307 888 Epiro
329 817 360 872 et
378 810 522 883 Boeotia,
550 809 603 886 qul
621 810 752 870 Romam
771 809 812 870 ad
826 825 952 870 causam
966 810 1129 873 dicendam
1144 827 1193 873 se·

214 901 390 972 querentur.
411 893 442 954 in
456 892 605 953 Achaiam
618 908 659 953 ex
674 893 782 954 decem
795 893 964 969 legatorum
977 909 1107 955 numero
1121 910 1194 970 pro·

213 976 285 1040 lecti
298 976 371 1051 duo,
386 975 418 1037 0.
435 975 579 1037 claudius
593 982 626 1038 et
638 975 693 1037 Gn.
706 975 867 1051 Domitius,
881 983 916 1038 ut
927 976 989 1053 ipsi
1003 978 1104 1039 edicto
1119 994 1194 1040 evo·

214 1066 327 1123 carent
352 1059 385 1120 id
403 1059 524 1121 duabus
538 1059 579 1121 de
593 1060 697 1122 causis
712 1060 840 1133 lacum,
862 1076 940 1136 una,
960 1062 1046 1136 quod
1061 1061 1196 1123 fiduciae
1316 1055 1317 1092 l

213 1147 285 1221 plus
305 1143 537 1219 animorumque
555 1159 629 1206 esse
644 1144 779 1205 Achaeis
799 1143 841 1205 ad
860 1158 923 1205 non
942 1144 1113 1220 parendum
1128 1161 1195 1207 cre·

213 1228 343 1302 debant,
363 1234 395 1288 et
410 1227 539 1289 iorsitan
560 1228 652 1289 etlam
672 1227 702 1288 ln
723 1227 860 1305 panicula
882 1228 948 1289 lore
970 1226 1149 1290 Callicraten
1164 1236 1197 1290 et

214 1318 334 1373 ceterm
349 1311 507 1373 criminum
520 1317 665 1373 auctores
682 1311 915 1387 delatoresque;
931 1314 1028 1374 altera
1039 1328 1095 1373 cur
1104 1328 1194 1389 prae·

215 1403 319 1457 sentes
332 1403 499 1458 avocarent
511 1410 608 1458 eausa
621 1401 702 1471 erat,
718 1395 802 1471 quod
817 1411 858 1457 ex
871 1392 940 1455 aliis
955 1395 1097 1472 pentibus
1111 1396 1195 1473 prin·

214 1477 319 1557 cipum
332 1477 448 1542 homas
462 1480 634 1556 deprensas
644 1479 676 1540 ln
689 1476 915 1541 commentariis
925 1478 1018 1555 regiis
1029 1478 1193 1554 habehant,

214 1565 245 1623 ln
252 1564 386 1625 Achaeis
394 1579 520 1625 caecum
527 1570 593 1626 erat
600 1563 714 1624 odmen
726 1562 818 1624 nuliis
826 1578 933 1624 eorum
939 1561 1046 1625 litteris
1052 1562 1194 1625 inventis.

297 1645 416 1707 Aetolia
430 1647 565 1709 dimissis
578 1647 774 1708 Acarnanum
788 1645 880 1708 citata
892 1662 985 1722 genas
1007 1647 1039 1707 iu
1054 1646 1104 1708 his
1120 1647 1193 1711 nihi

214 1738 361 1791 novatum
381 1730 440 1790 nisi
455 1730 540 1807 quod
552 1730 673 1792 Leucas
687 1737 832 1807 exempta
845 1736 894 1791 est
908 1731 1105 1791 Acarnanum
1119 1747 1193 1792 con·

214 1813 295 1874 cilio.
318 1815 496 1888 quaerendo
516 1813 629 1876 deinde
649 1811 756 1889 latius,
779 1814 832 1891 qui
850 1813 974 1889 pubhce
988 1821 1040 1876 aut
1053 1812 1195 1889 privatim

214 1896 347 1974 partium
359 1896 442 1972 rems
455 1897 595 1972 ficissent,
615 1898 647 1958 in
660 1896 769 1960 Asiam
783 1912 908 1974 quoque
921 1898 1126 1974 cognitionem
1140 1913 1194 1958 ex·

214 1980 357 2051 tendere;
378 1987 411 2040 et
422 1980 463 2042 ud
475 1981 634 2044 Antissam
646 1982 678 2042 in
691 1981 794 2042 Lesbo
809 1981 910 2042 insula
924 1980 1112 2057 diruendam,
1127 1988 1194 2043 tra·

215 2064 375 2128 ducendas
399 2063 608 2145 Methymnam
631 2066 815 2127 Antissaeos
836 2063 1011 2126 Labeonem
1036 2064 1194 2141 misemnt,

216 2149 301 2224 quod
320 2149 509 2211 Antenorem
528 2149 644 2225 regium
667 2150 869 2226 praelectum,
895 2163 957 2223 quo
971 2155 1110 2225 tempore
1124 2166 1194 2211 cum

215 2230 324 2294 lembis
345 2233 427 2293 eirca
445 2233 580 2296 Lesbum
601 2241 649 2296 est
668 2240 814 2309 vagatus,
835 2239 926 2308 portu
938 2240 1096 2308 receptum
1111 2248 1194 2293 com·

214 2314 366 2376 meatibus
392 2317 552 2379 iuvissent
582 2317 643 2377 duo
670 2317 772 2378 securi
797 2316 938 2392 percussi
961 2315 1020 2376 viri
1044 2314 1192 2392 insignes,

214 2399 410 2461 Andronicus
416 2398 586 2460 Andronici
597 2400 678 2461 iilius
689 2401 827 2473 Aetolus,
841 2400 925 2475 quod
936 2405 1054 2476 putrem
1066 2407 1193 2463 secutus

216 2497 301 2543 arma
321 2489 428 2543 contra
447 2484 597 2558 populum
611 2482 782 2543 Romanum
796 2481 933 2557 tulisset,
954 2491 985 2546 at
997 2484 1061 2545 Neo
1075 2483 1191 2544 Tbeba·

215 2580 284 2637 nus,
300 2581 362 2641 quo
377 2572 504 2625 auctore
518 2564 697 2626 societatem
711 2581 780 2627 cum
792 2566 907 2628 Perseo
922 2566 1093 2628 iunxerant

297 2641 417 2707 XXXII.
444 2647 500 2710 liis
519 2664 622 2709 rerum
641 2656 835 2711 externarum
855 2648 1081 2727 cognitionibus
1100 2648 1193 2710 inter·

205 2729 325 2805 ‘positis
350 2729 554 2795 Macedonum
577 2750 688 2795 rursus
708 2734 892 2796 advocatum
912 2734 1091 2804 concilium3
1121 2748 1194 2809 pro·

215 2813 384 2878 nuntiatum
405 2818 491 2894 quod
504 2818 546 2879 ad
556 2823 672 2880 statum
685 2817 887 2879 Macedoniae
903 2819 1086 2894 pertinebat,
1102 2833 1194 2878 sena·

214 2905 309 2976 tores,
324 2916 405 2976 quos
419 2902 574 2980 synedros
584 2909 706 2977 vocant,
720 2901 870 2977 legendos
881 2916 963 2978 esse,
979 2917 1109 2978 quorum
1120 2916 1194 2962 con-

217 2979 286 3042 silio
309 2999 361 3044 res
386 2985 510 3061 publica
534 2986 803 3048 administraretur.
836 2985 961 3047 nomina
985 2983 1098 3046 deinde
1122 2989 1195 3045 suni

215 3064 341 3144 recitata
355 3069 527 3144 principum
541 3070 755 3145 Macedonum,
776 3086 856 3145 quos
871 3085 941 3130 curn
954 3068 1058 3130 liberis
1072 3064 1194 3129 maiori-

216 3148 273 3209 bus
294 3166 385 3226 quam
405 3151 581 3228 quindecim
601 3170 702 3215 annas
722 3152 802 3214 natis
823 3154 1011 3229 praecedere
1030 3150 1062 3213 in
1076 3149 1195 3212 ltaliam

214 3234 358 3309 placeret
385 3234 419 3295 id
439 3234 538 3310 prima
558 3237 664 3312 specie
683 3252 827 3311 saevum,
847 3252 921 3299 mox
939 3233 1195 3313 sppamitmulti-

215 3317 311 3379 tudini
331 3318 534 3381 Macedonum
556 3335 613 3395 pro
634 3320 772 3382 libertate
790 3336 849 3381 sua
868 3336 940 3382 esse
954 3321 1076 3382 lactum.
1097 3317 1181 3381 nomi

214 3402 277 3462 nati
287 3410 359 3464 sunt
369 3403 449 3465 enlm
460 3401 544 3478 regis
554 3403 644 3464 amici
650 3404 880 3480 purpuratique,
893 3401 1194 3478 ducesexercituum,

215 3486 362 3557 praelecti
375 3486 499 3549 nauum
514 3492 566 3547 aut
579 3487 811 3562 praesidiorum,
827 3486 944 3547 servire
958 3486 1022 3562 regi
1032 3484 1194 3559 humiliter,
