2642 4017
239 275 300 340 aas
406 275 521 336 uranu
535 273 639 335 nuru.
662 273 745 335 car.
758 281 802 335 cr.
825 279 860 346 [a
873 279 908 330 n.
921 295 944 329 c.
957 277 1019 344 aar]

240 432 307 492 eius
328 428 409 489 idem
429 426 596 499 iaciebant,
617 423 783 487 adiuvante
803 424 1028 486 inclinationem
1048 426 1239 488 animorum·

241 512 400 575 clementia
419 510 449 571 in
464 525 570 571 omnes
591 515 621 570 at
634 508 748 570 iustitia
761 509 912 584 practorIs
925 508 1065 569 Romani.
1087 509 1127 569 ad
1142 509 1219 570 Seo-

241 597 327 657 dram
338 595 410 656 inde
420 601 542 656 ventum
553 597 609 666 est,
625 593 710 668 quod
720 593 791 653 belli
802 597 978 668 caputerat,
994 609 1056 653 non
1067 587 1221 654 adsolum

241 680 325 757 quod
347 678 473 739 Gentius
494 692 562 737 eam
581 675 640 736 sibi
660 683 785 750 ceperat
800 677 883 738 velut
895 674 983 751 regni
997 676 1090 737 totius
1106 692 1219 752 arcem,

241 764 297 825 sed
318 764 409 824 etiam
431 761 515 838 quod
536 757 714 821 Labeatium
734 759 836 834 gentis
850 759 1051 821 munitissima
1065 760 1157 834 longe
1171 767 1220 821 est

241 855 271 909 et
286 845 420 908 diiflcssis
440 844 533 905 aditu.
555 842 618 903 duo
639 844 763 918 cingunt
783 858 851 903 eam
865 841 1000 917 flumina,
1021 842 1163 904 Clausala
1177 845 1219 904 la-

240 939 305 992 tere
318 927 414 1002 urbis,
429 927 514 1003 quud
528 926 559 986 in
574 927 721 988 orientem
735 933 826 1001 patet,
847 925 1034 1002 praefluens,
1054 925 1220 988 Barbanna

241 1015 280 1073 ab
299 1011 429 1086 regiona
445 1009 629 1083 occidentis,
657 1025 697 1070 ex
716 1009 883 1071 Labeatide
910 1010 1024 1085 palude
1044 1008 1157 1071 oriens.
1187 1011 1219 1070 hi

241 1096 302 1156 duc
328 1109 435 1154 amnes
456 1091 649 1154 confluentes
670 1093 807 1154 incidunt
821 1092 953 1154 Oriundi
974 1092 1107 1168 flumini,
1134 1095 1220 1170 quud
1260 1146 1263 1151 ,

241 1185 340 1240 crtum
361 1192 400 1237 ex
421 1181 524 1237 monte
544 1175 680 1252 Scordo,
707 1177 808 1238 multis
830 1184 860 1237 et
885 1176 953 1237 aliis
975 1183 1097 1238 auctum
1114 1179 1218 1253 aquis,

241 1261 316 1322 mari
329 1257 505 1321 Hadriatico
520 1258 656 1321 intenur.
678 1275 767 1321 mons
783 1259 929 1334 Scordus,
945 1262 1037 1337 longe
1051 1259 1219 1322 altissimus

160 1349 168 1365 ·
240 1344 375 1420 regionis
396 1343 477 1418 eius,
498 1343 537 1403 ab
554 1343 672 1404 oriente
690 1343 875 1404 Dardaniam
889 1343 1057 1406 subiectam
1071 1343 1179 1419 habet,
1200 1362 1219 1405 a

240 1427 367 1489 meridia
390 1426 618 1501 Macedoniam,
643 1426 682 1487 ab
703 1443 818 1489 occasu
838 1427 1001 1505 illyricum.
1031 1441 1217 1504 quamquam

240 1512 386 1575 munitum
402 1510 461 1572 situ
475 1511 603 1573 naturali
619 1509 765 1587 oppidum
780 1517 854 1584 erat
870 1527 1011 1588 gensque
1024 1509 1056 1575 id
1070 1519 1135 1572 tota
1146 1511 1217 1592 llly-

240 1598 355 1659 riorum
365 1602 460 1656 etrex
471 1594 698 1670 insumebatur,
714 1601 814 1656 tamen
827 1603 951 1671 praetor
961 1596 1129 1670 Romanus,
1145 1597 1220 1671 quia

241 1681 338 1756 prima
353 1683 570 1740 successerant
583 1694 750 1755 prospere,
771 1679 921 1740 ionunam
937 1679 1031 1740 totius
1045 1677 1090 1740 rei
1105 1678 1218 1754 princi-

238 1764 291 1840 pia
313 1768 487 1823 secuturam
508 1775 580 1822 esse
599 1769 685 1823 ratus
700 1769 730 1822 ot
742 1762 932 1839 repentinum
946 1763 1108 1824 valiturum
1121 1770 1218 1824 terro·

239 1862 312 1922 rem,
324 1846 473 1906 instructo
485 1845 623 1906 exercitu
632 1846 672 1905 ad
683 1847 804 1907 moenia
814 1847 960 1908 succedit.
975 1848 1059 1921 quod
1067 1847 1094 1906 si
1101 1845 1217 1908 clausis

239 1928 336 2008 portis
357 1945 462 1991 muros
483 1935 704 2005 portarumque
723 1935 823 1990 turres
845 1929 1005 2006 dispositis
1026 1930 1148 1991 armatis
1164 1930 1217 1991 de·

239 2014 425 2089 tendissent,
445 2029 526 2075 vano
548 2029 617 2074 cum
632 2013 755 2088 incepto
770 2014 931 2076 moenibus
949 2014 1142 2091 pepulissent
1155 2014 1217 2074 Ro-

238 2114 361 2160 mancsr
394 2113 476 2160 nunc
496 2104 584 2172 porta
598 2095 716 2171 egressi
737 2097 887 2171 proelium
901 2099 970 2178 locu
985 2113 1085 2173 aequo
1100 2095 1218 2158 maiora

239 2183 338 2243 animo
356 2180 580 2261 commiserunt
604 2196 695 2256 quam
721 2181 938 2242 sustinuerunt.
975 2181 1055 2255 pulsi
1079 2181 1159 2240 enim
1187 2187 1219 2241 et
1314 2211 1318 2219 .

239 2265 311 2339 luga
333 2264 522 2340 conglobati,
548 2279 616 2327 curn
637 2263 759 2326 ducenti
781 2265 911 2339 amplius
931 2265 961 2323 in
983 2264 1059 2340 ipsis
1075 2263 1217 2325 lancibus

238 2355 345 2424 portae
355 2348 549 2422 cecidissent,
563 2353 679 2409 tantum
689 2347 853 2413 intulerunt
862 2354 1018 2421 terrorem,
1031 2353 1065 2409 ut
1075 2355 1218 2410 oratores

238 2433 392 2507 extemplo
407 2431 447 2490 ad
461 2437 635 2504 praetorem
648 2431 779 2493 mitteret
795 2432 921 2493 Gentius
935 2432 1091 2492 Teuticum
1106 2441 1136 2493 et
1146 2433 1219 2501 Bel,

238 2516 308 2590 lum,
331 2515 486 2589 principes
501 2513 609 2586 gentis,
630 2528 687 2587 per
702 2530 782 2589 quos
797 2515 929 2578 indutias
944 2522 1069 2591 peteret,
1091 2523 1125 2576 ut
1139 2516 1215 2575 deli·

237 2597 345 2657 berare
359 2598 398 2656 dc
419 2601 614 2656 staturarum
628 2610 755 2657 suarum
769 2607 886 2673 posset.
907 2599 1007 2660 triduo
1024 2599 1053 2658 in
1067 2599 1127 2660 hoc
1142 2599 1217 2659 dato

237 2694 307 2739 cum
334 2684 436 2740 castra
456 2679 592 2739 Romana
620 2677 804 2756 quingentos
825 2684 920 2744 lermc
939 2698 1055 2758 passus
1076 2683 1114 2742 ab
1136 2681 1215 2742 urbe

236 2761 389 2838 abessent,
406 2777 514 2822 navem
529 2764 718 2840 conscendit,
735 2772 766 2827 et
779 2765 904 2827 flumine
917 2767 1079 2827 Barbanna
1093 2763 1216 2840 navigat

236 2843 266 2905 in
281 2846 381 2907 lacum
391 2847 568 2924 Labeatum,
583 2850 667 2910 velut
681 2856 832 2911 secretum
849 2853 950 2912 locum
965 2858 1074 2926 petens
1088 2850 1214 2910 adcon-

202 2956 211 2969 *
236 2931 421 3007 saltandum,
437 2932 493 2993 sed
504 2940 537 2994 ut
547 2931 700 3009 apparuit,
713 2934 791 2995 laisa
802 2950 859 3009 spe
870 2933 989 2995 excitus
1002 2931 1215 2995 Caravantium

235 3013 358 3076 fratrum
372 3015 475 3077 multis
490 3014 610 3078 milibus
625 3022 809 3079 armatorum
823 3017 898 3078 actis
914 3033 953 3077 ex
968 3034 1006 3077 aa
1019 3016 1160 3093 regione,
1182 3015 1215 3076 in

236 3113 328 3173 quam
349 3101 462 3161 missus
478 3106 557 3174 erat,
579 3102 756 3161 adventare.
780 3102 832 3177 qui
846 3108 1010 3177 postquam
1025 3099 1149 3162 evanuit
1161 3116 1214 3161 ru·

233 3197 315 3253 mor,
337 3183 425 3245 tertio
449 3191 518 3259 post
537 3184 587 3246 die
607 3200 717 3265 navem
738 3185 867 3245 eandem
887 3185 1024 3246 secundo
1041 3184 1121 3244 amni
1137 3181 1210 3244 Sco·

235 3265 321 3327 dram
341 3266 477 3338 demisit;
505 3268 747 3344 praemissisque
762 3267 888 3344 nuntiis,
913 3276 946 3330 ut
960 3268 1018 3329 sibi
1034 3267 1213 3344 appellandi

233 3350 383 3425 praeturis
404 3358 542 3426 potestas
564 3351 665 3424 lieret,
693 3351 783 3426 copia
803 3352 883 3414 lacta
903 3350 935 3411 in
952 3357 1052 3412 castra
1067 3352 1158 3412 venit.
1182 3357 1214 3411 et

233 3434 415 3509 principium
431 3433 578 3495 orationis
593 3435 632 3493 ab
647 3433 844 3496 accusatione
859 3435 1002 3497 stultitiae
1017 3451 1108 3495 orsus
1124 3448 1212 3508 suae,

232 3524 388 3589 postremo
410 3517 448 3575 ad
469 3529 580 3590 preces
601 3515 805 3593 lacrimasque
820 3516 955 3593 effusus,
975 3518 1106 3593 genibus
1121 3531 1211 3592 prae·
