2642 4017
227 225 291 291 tao
422 224 639 286 usnemu.
662 222 745 283 can.
761 223 1007 315 cranaus]

518 452 686 566 llll
724 468 868 563 LlVl

497 635 552 697 ΑΒ
581 634 697 696 URBE
727 631 931 696 CONDITA

600 767 712 829 LIBER
733 762 820 826 xlll.

236 1004 387 1058 armona.
415 1001 447 1062 Q.
465 1001 569 1052 Frdriru
587 1001 694 1052 Flaccus
717 1015 807 1052 censor
823 998 946 1066 templum
963 999 1067 1050 Iunonia
1083 994 1204 1053 Laciniae

272 1073 366 1139 tegulis
383 1071 532 1121 marmoreis
549 1071 683 1136 spoliarit,
701 1078 729 1121 ut
746 1070 836 1121 aedem
852 1083 930 1133 quam
948 1068 1081 1120 dedicabat
1096 1076 1203 1136 tegeret·

271 1141 373 1208 tegulae
389 1155 422 1190 ex
438 1148 542 1189 senatus
559 1139 675 1190 consulto
692 1145 845 1206 reportatae.
878 1138 1004 1188 Eumenes
1020 1138 1099 1189 Asiae
1113 1154 1160 1189 rex
1177 1141 1204 1189 in

277 1219 367 1262 acuatu
385 1209 417 1258 de
435 1209 528 1258 Perseo
547 1209 712 1259 Macedoniae
729 1223 790 1274 rege
807 1214 913 1271 questus
928 1214 982 1265 est;
1005 1208 1078 1257 ouius
1094 1208 1204 1259 iniuriae

276 1281 302 1330 in
316 1277 439 1344 populum
457 1278 598 1327 Romanum
617 1277 768 1327 referuntur.
802 1277 834 1326 nb
853 1290 917 1340 quae
935 1273 1002 1325 bello
1020 1276 1045 1326 ei
1061 1277 1155 1326 indicto
1173 1279 1203 1328 P.

272 1347 386 1399 licinius
401 1345 506 1396 Crassus
524 1346 626 1407 consul,
643 1347 686 1396 cui
702 1346 730 1396 id
747 1345 972 1406 mandatumerat,
990 1345 1017 1394 iu
1031 1345 1203 1395 Macedoniarn

272 1417 379 1475 transiit,
398 1415 546 1478 levibusque
558 1416 772 1481 expeditionibus,
791 1415 950 1478 equestribus
961 1413 1074 1479 proeliis,
1086 1415 1113 1463 in
1123 1413 1204 1464 Thes·
1239 1415 1244 1422 '

275 1485 341 1537 salia
357 1499 415 1535 cunr
430 1484 522 1534 Perseo
539 1498 630 1548 parum
644 1484 714 1535 ielioi
732 1493 824 1536 eventu
839 1483 972 1550 pugnavit.
1003 1483 1070 1533 iuter
1086 1483 1203 1533 Masinis·

273 1570 327 1605 sam
345 1564 370 1604 et
386 1552 607 1619 Carthaginienses
623 1554 655 1603 de
673 1567 735 1619 agro
750 1551 865 1616 quaestio
881 1551 937 1611 luit,
954 1552 1009 1602 dies
1028 1552 1065 1602 eis
1075 1553 1109 1602 ad
1121 1552 1202 1601 disce·

272 1624 396 1689 ptandum
417 1629 539 1672 asenatu
562 1623 647 1673 datus.
681 1621 759 1689 legati
782 1620 854 1671 rnissi
875 1621 909 1671 ud
932 1621 1047 1670 civitates
1073 1622 1156 1670 sociae
1179 1628 1203 1669 et

274 1688 1204 1823 {orarentur0liu,timiam'stallati-’alili

274 1828 382 1878 ducenta
397 1828 581 1893 quinquaginta
597 1835 694 1893 septem
714 1828 783 1878 milia
802 1828 909 1878 ducenta
930 1827 1036 1894 triginta
1050 1842 1136 1881 uuum.
1162 1841 1203 1876 res

275 1905 406 1961 praeterea
423 1897 548 1947 adversus
566 1896 659 1947 Corsos
677 1905 702 1946 et
717 1897 824 1962 Ligures
842 1910 963 1962 prospere
979 1904 1065 1961 gestas
1082 1895 1201 1946 eontinet.

308 2050 331 2109 1.
359 2050 393 2109 L.
413 2048 587 2110 Postumius
611 2047 742 2108 Albinus
762 2047 803 2106 Μ.
823 2045 969 2122 Popillius
988 2047 1108 2107 Laeuus
1135 2063 1204 2109 oum

223 2134 358 2197 omnium
372 2133 501 2208 primurn
516 2132 555 2191 de
571 2130 737 2208 provinciis
752 2131 1001 2207 exercitibusque
1012 2131 1052 2190 ad
1064 2139 1203 2193 senatum

222 2218 424 2291 rettulissent,
439 2216 566 2292 Ligures
580 2215 703 2291 utrique
717 2214 833 2276 decreti
847 2221 926 2288 sunt,
943 2222 976 2276 ut
989 2231 1087 2281 novas
1102 2215 1201 2290 ambo,

224 2302 336 2378 quibus
350 2316 417 2361 eam
433 2299 622 2376 provinciam
636 2300 816 2374 obtinerent
833 2301 972 2374 legiones
987 2333 1023 2343 —
1036 2298 1127 2361 binae
1141 2299 1199 2360 siu·

222 2387 301 2462 gulis
316 2387 457 2446 decretae
471 2418 508 2428 -
522 2391 553 2444 et
566 2382 685 2444 socium
699 2382 796 2443 Latini
815 2384 945 2443 nominis
961 2384 1041 2444 dena
1055 2383 1137 2444 milia
1150 2400 1204 2459 pe

222 2470 317 2531 ditum
328 2475 358 2528 et
369 2482 521 2527 sexcenos
532 2467 661 2540 equites,
675 2474 705 2526 et
716 2466 960 2541 supplementum
970 2467 1136 2543 Hispaniae
1148 2466 1205 2528 tria

223 2552 304 2612 milia
317 2551 453 2626 peditum
462 2551 671 2611 Romanorum
685 2547 854 2608 scriberent
868 2556 898 2610 et
911 2550 1061 2612 ducentos
1074 2551 1203 2626 equites.

222 2633 342 2694 adhoc
365 2633 446 2692 mille
465 2637 497 2692 et
517 2631 673 2706 quingenti
699 2631 819 2707 pedites
839 2632 967 2695 Romani
993 2651 1062 2695 oum
1084 2643 1204 2696 centum

224 2715 377 2792 equitibus
399 2715 492 2775 scribi
512 2715 605 2791 iussi,
627 2731 697 2776 curn
716 2715 827 2791 quibus
843 2725 981 2793 praetor,
1000 2720 1049 2780 oui
1063 2717 1205 2779 Sardinia

223 2800 398 2875 obtigisset,
418 2799 449 2859 in
463 2799 619 2861 corsicam
639 2805 852 2875 transgressus
869 2802 981 2863 bellurn
1001 2808 1136 2878 gereret:
1159 2803 1203 2862 in·

221 2882 310 2946 terim
323 2882 364 2943 bt.
378 2884 489 2945 Atilius
509 2893 598 2946 vetus
618 2891 743 2959 praetor
762 2885 952 2960 provinciam
967 2885 1118 2948 obtineret
1132 2886 1203 2948 Sar·
1291 2916 1296 2923 ·

222 2967 345 3028 diniam.
374 2975 534 3043 praetores
549 2969 661 3029 deiude
675 2968 852 3044 provincias
867 2970 964 3032 sortiti
979 2977 1063 3045 suut,
1084 2973 1122 3031 A.
1138 2970 1202 3030 Ati·

222 3053 281 3113 lius
296 3050 448 3113 Serranus
468 3052 631 3126 urbanam,
654 3052 686 3113 C.
702 3052 827 3116 Cluvius
843 3053 959 3114 Saxula
978 3054 1057 3114 inter
1074 3052 1159 3115 cives
1174 3062 1205 3115 et

221 3133 417 3211 peregrinos,
440 3137 476 3196 N.
496 3136 610 3199 Fabius
630 3137 728 3197 Buteo
748 3137 927 3214 Hispaniam
951 3136 1138 3212 citeriorem,
1161 3137 1203 3198 ill.

220 3219 372 3280 Matienus
387 3221 577 3294 ulteriorem,
592 3220 633 3280 Μ.
647 3221 757 3282 Furius
773 3219 935 3298 Crassipes
950 3220 1093 3296 Siciliam,
1109 3222 1141 3283 C.
1156 3221 1202 3281 ci·

222 3303 342 3366 cercius
358 3303 539 3365 Sardiniam.
572 3305 753 3381 priusquam
771 3306 807 3378 in
819 3303 997 3381 provincias
1009 3304 1207 3381 magistratus

221 3390 507 3465 proficiscerentur,
529 3389 648 3448 senatui
662 3389 777 3465 placuit
790 3388 823 3447 L.
838 3387 1028 3450 Postumium
1043 3390 1203 3450 consulem

221 3473 260 3532 ad
275 3489 380 3550 agrum
395 3471 551 3549 publicum
565 3488 585 3532 a
597 3472 717 3548 privato
731 3472 952 3533 terminandum
965 3470 997 3532 in
1008 3471 1202 3549 campaniam
