2642 4017
227 236 290 302 rat
424 236 539 298 crana
553 237 627 296 mr.
649 237 731 297 cnr.
746 246 790 299 aa.
812 244 848 311 la·
861 243 895 294 n.
908 194 1006 310 aiii]

224 388 310 466 pretii
324 386 569 462 recipiendorum
583 403 641 462 spe
654 393 790 448 nostram
805 387 942 462 ipsorum
953 388 1123 448 libertatem
1135 388 1208 449 sub

223 472 271 532 rui
286 477 316 531 et
328 470 469 547 temptari
484 471 624 546 patimur.
656 471 726 546 quis
741 471 821 530 enim
835 487 896 532 non
910 471 994 531 videt
1006 472 1088 531 viam
1101 472 1209 547 regiae

224 554 380 617 societatis
393 555 508 630 quaeri,
526 569 587 630 qua
596 555 769 616 Romanum
780 554 901 629 ioedus,
914 570 975 631 quo
988 562 1094 615 nostra
1106 554 1209 616 omnia

224 641 431 711 continentur,
452 639 603 699 violeturt
623 638 683 698 nisi
697 638 757 699 hoc
771 638 898 700 dubium
911 638 1001 699 alicui
1015 648 1077 714 est,
1091 639 1205 698 bellan·

224 724 297 784 dunt
318 722 465 783 Romanis
485 737 554 781 cum
573 721 688 782 Perseo
710 737 797 795 esse,
820 730 850 783 et
872 723 957 799 quod
975 723 1046 782 vivo
1065 721 1207 797 Philippo

202 862 205 869 .
223 813 443 882 exspectatum,
458 806 632 866 morteeius
645 805 869 880 interpellatum
881 813 938 880 est,
950 806 981 866 id
994 813 1206 882 postmortem

222 889 354 965 Philippi
368 890 510 950 loturum.
539 890 633 962 duos,
650 897 682 949 ut
696 889 796 964 scitis,
819 889 925 951 habuit
938 889 1019 950 filios
1033 889 1201 965 Philippus,

223 973 407 1034 Demetrium
422 979 453 1032 et
467 972 589 1033 Persea.
624 988 738 1048 genere
752 980 905 1047 materno,
926 974 1050 1049 virtute,
1072 974 1206 1048 ingenio,

223 1058 330 1117 lavore
349 1054 553 1116 Macedonum
574 1058 666 1132 longe
684 1057 836 1132 praestitit
849 1058 1030 1119 Demetrius.
1062 1058 1120 1118 sed
1135 1058 1208 1132 quia

223 1140 255 1200 in
269 1141 425 1201 Romanos
441 1139 504 1200 odii
518 1154 646 1214 regnum
662 1150 811 1216 posuerat
821 1142 1005 1217 praemium,
1020 1142 1206 1202 Demetrium

223 1226 306 1284 nullo
321 1224 381 1284 alio
397 1223 521 1283 crimine
536 1240 628 1298 quam
641 1227 799 1287 Romanae
813 1224 962 1286 amicitiae
976 1225 1068 1285 initae
1083 1224 1205 1299 occidit,

222 1307 348 1382 Persea,
371 1322 461 1383 quem
480 1309 598 1382 populo
612 1308 750 1370 Romano
772 1309 858 1385 prius
877 1323 996 1385 poenae
1011 1324 1102 1384 quam
1117 1309 1203 1383 regni

222 1392 367 1452 heredem
388 1393 521 1452 loturum
542 1391 672 1468 sciebat,
696 1408 800 1468 regem
822 1392 902 1453 lecit.
937 1393 1041 1468 itaque
1062 1391 1136 1467 quid
1156 1391 1207 1452 hic

222 1483 295 1552 post
314 1481 441 1536 mortem
462 1476 559 1550 patris
573 1477 635 1550 egit
659 1476 742 1537 alind
755 1492 847 1551 quam
862 1474 974 1538 bellum
988 1475 1128 1551 paraviti
1146 1475 1204 1535 Ba·

222 1567 343 1620 stamas
350 1557 680 1634 primumadterrorem
691 1559 824 1621 omnium
835 1559 1056 1621 inDardaniam
1068 1557 1205 1631 immisit;

222 1643 317 1718 quisi
332 1644 439 1703 sedem
453 1658 520 1702 eam
535 1645 713 1717 tenuissent,
729 1645 887 1719 graviores
906 1659 962 1704 eos
975 1645 1099 1704 accolas
1112 1641 1205 1702 Grae·

223 1726 271 1786 cia
284 1725 444 1786 habuisset
458 1743 550 1800 quam
564 1728 641 1788 Asia
652 1727 756 1788 Gallos
769 1727 910 1788 habebat.
933 1742 971 1786 ea
984 1740 1043 1802 spe
1054 1727 1205 1802 depulsus

222 1815 405 1870 nontamen
426 1811 497 1870 belli
518 1810 646 1871 consilia
667 1812 783 1873 omisit:
804 1812 911 1882 immo,
934 1809 1049 1871 slvere
1063 1812 1206 1871 volumus

223 1894 335 1968 dicere,
349 1894 410 1952 iam
420 1892 576 1955 inchoavit
586 1895 707 1956 bellum.
730 1895 891 1970 Dolopiam
902 1894 994 1954 armis
1006 1893 1136 1969 subegit,
1148 1909 1207 1954 nec

221 1986 427 2053 provocantes
453 1979 492 2039 de
516 1978 734 2039 controversiis
759 1978 799 2038 ad
822 1976 1074 2053 disceptationem
1099 1978 1207 2053 populi

221 2059 351 2124 Romani
371 2062 497 2123 audivit.
530 2063 602 2122 inde
618 2069 830 2138 transgressus
847 2060 966 2135 Oetam,
987 2069 1020 2122 ut
1033 2069 1161 2137 repente
1174 2062 1206 2121 in

223 2146 324 2206 medio
339 2146 481 2207 umbilico
494 2146 640 2206 Graeciae
652 2145 892 2220 conspiceretur,
907 2144 1045 2221 Delphos
1057 2144 1206 2206 escendit.

221 2228 299 2289 haec
309 2231 469 2306 usurpatio
484 2229 599 2291 itineris
611 2229 725 2290 insoliti
737 2244 798 2302 quo
809 2229 899 2289 vobis
911 2238 1052 2305 spectare
1066 2229 1207 2290 videturl

225 2312 411 2374 thessaliam
436 2314 548 2374 deinde
572 2312 761 2388 peragravih
792 2311 876 2386 quod
896 2313 964 2372 sine
984 2311 1077 2374 ullius
1098 2328 1205 2373 eorum

223 2413 302 2471 quos
318 2397 425 2456 oderat
438 2398 540 2470 noxia,
555 2394 615 2454 hoc
629 2397 727 2469 magis
741 2395 969 2471 temptationem
984 2403 1097 2458 metuo.
1130 2396 1203 2455 inde

221 2480 335 2541 litteras
351 2480 391 2539 ad
405 2493 463 2539 nos
475 2495 544 2539 cmm
555 2478 691 2538 muneris
703 2480 808 2554 specie
820 2479 909 2554 misit,
924 2486 955 2540 et
966 2482 1100 2557 cogitare
1111 2478 1203 2551 iubet,

222 2579 284 2638 quo
299 2562 392 2622 modo
406 2562 437 2620 in
451 2561 603 2636 reliquum
617 2562 677 2622 hoc
691 2577 817 2623 munere
830 2577 892 2622 non
907 2579 1062 2639 egeamus,
1081 2564 1141 2624 hoc
1156 2571 1206 2624 est

221 2651 254 2705 ut
267 2644 433 2719 decretum,
450 2660 511 2720 quo
526 2651 669 2706 arcentur
678 2646 894 2722 Peloponneso
905 2648 1101 2720 Macedones,
1117 2648 1203 2708 tolla-

221 2744 305 2799 mus;
335 2744 443 2788 rursus
464 2731 582 2804 legatos
596 2730 714 2806 regios,
738 2739 769 2792 et
782 2730 916 2806 hospitia
931 2747 1000 2793 cum
1014 2731 1204 2808 principibus

221 2818 252 2871 et
271 2827 345 2872 mox
361 2812 564 2874 Macedonum
584 2815 754 2891 exercitus,
774 2816 875 2891 ipsum
897 2831 1023 2892 quoque
1043 2813 1204 2890 aDelphis

220 2926 263 2939 --
275 2903 420 2971 quantum
440 2896 522 2957 enim
542 2897 689 2959 interfluit
708 2899 891 2960 iretmmt—
903 2900 1090 2961 traicientem
1104 2901 1134 2959 in
1148 2898 1203 2958 Pe·

222 2981 425 3054 loponnesum
435 2979 604 3057 videamus,
616 2983 842 3044 immisceamur
851 2982 1072 3046 Macedonibus
1084 2998 1204 3043 arman-

219 3061 302 3124 libus
317 3079 354 3124 se
367 3064 519 3126 adversus
533 3066 701 3128 Romanos.
723 3082 781 3143 ego
799 3067 871 3127 nihil
886 3068 958 3128 novi
970 3083 1084 3129 censeo
1097 3067 1203 3126 decer·

221 3147 369 3223 nendum,
396 3149 611 3226 servandaque
631 3151 733 3211 omnia
753 3151 884 3227 integra,
912 3152 1012 3213 donec
1033 3151 1074 3211 ad
1089 3157 1204 3211 certum

219 3230 383 3308 redigatur,
395 3249 535 3295 vanusne
545 3233 595 3294 hic
606 3235 697 3296 timor
707 3241 814 3296 noster
823 3251 862 3296 an
873 3251 968 3297 verus
980 3235 1078 3296 luerit.
1101 3235 1128 3294 si
1140 3248 1204 3309 pax

220 3314 367 3377 inviolata
390 3317 469 3377 inter
487 3317 676 3379 Macedonas
695 3321 918 3395 Romanosque
938 3320 1085 3392 manebit,
1112 3316 1204 3376 nohis

221 3415 346 3476 quoque
367 3402 497 3461 amicitia
511 3409 541 3462 et
555 3402 771 3464 commercium
786 3404 839 3464 sit:
862 3419 943 3464 nunc
957 3404 997 3463 de
1012 3417 1049 3463 eo
1068 3401 1204 3475 cogitare

220 3483 427 3557 periculosum
441 3492 471 3545 et
484 3485 676 3547 immaturum
686 3486 837 3546 videtur.“
