2642 4017
334 284 448 347 LIBER
462 285 536 346 xil.
559 284 642 346 CAP.
657 293 685 349 9.
699 295 741 348 10.
764 291 801 360 [ι.
813 292 846 345 C·
860 287 921 357 llll
1056 288 1117 354 111

137 446 167 500 et
181 438 332 513 legionem
349 452 441 498 unam
456 452 523 498 cum
538 435 693 513 equitibus
708 438 861 512 trecentis,
877 446 907 500 et
917 437 1054 515 quinque
1064 442 1115 502 mi·

137 522 177 582 lia
197 520 333 597 peditum
356 520 524 594 sociorum,
545 527 577 581 et
595 520 748 581 ducentos
769 521 989 598 quinquaginta
1002 524 1119 586 mittere

137 606 258 681 equites
272 606 302 665 in
314 603 493 679 Hispaniam
508 603 653 664 consules
664 605 705 665 cd
715 603 755 664 ll.
766 602 904 667 Titinium
917 606 1002 667 iussi.
1020 607 1105 684 prius

137 705 231 766 quam
252 690 399 750 consules
421 687 597 764 provincias
613 687 808 763 sortirentur,
830 689 971 766 prodigia
985 692 1117 752 nuntiata

136 779 224 833 sunta
245 772 378 848 lapidem
393 772 509 847 inagro
521 770 702 833 crustimino
714 772 744 831 in
756 771 854 834 lacum
865 772 970 834 Martis
981 773 1021 834 de
1032 776 1116 836 caelo

136 855 306 925 cecidisse;
321 871 449 931 puerum
464 855 563 916 trunci
574 855 715 931 corporis
726 853 758 916 in
769 871 844 932 agro
856 857 994 919 Romano
1006 865 1116 934 natum,

136 946 168 1000 et
181 939 414 1015 quadrupedem
436 953 566 1015 anguem
580 939 697 1010 visums
718 946 748 1000 et
762 938 885 1016 Capuae
899 942 992 1002 muita
1005 942 1035 1002 in
1050 943 1117 1004 foro

136 1022 277 1084 aedilicia
297 1023 336 1083 de
357 1024 442 1084 caclo
461 1028 556 1095 tacta,
579 1030 608 1083 et
623 1021 756 1084 Puteolis
777 1024 854 1085 duas
872 1040 968 1087 naves
983 1024 1116 1088 fulminis

136 1107 198 1167 ictu
214 1112 424 1167 concrematas
438 1121 518 1166 esse.
548 1105 625 1167 inter
637 1106 724 1181 hacc,
740 1123 819 1184 quae
835 1109 1057 1185 nuntiabantur,
1073 1110 1114 1171 lu·

136 1206 196 1267 pus
213 1190 303 1251 etiam
317 1190 434 1251 Romae
449 1187 579 1252 interdiu
594 1191 739 1265 agitatus,
758 1206 827 1252 cum
841 1192 1060 1270 collinaporta
1073 1194 1113 1254 in·

136 1283 265 1346 trassel,
295 1290 351 1350 per
375 1273 564 1349 Esquilinam
588 1289 700 1349 magno
729 1277 968 1337 consectantium
991 1277 1117 1338 tumultu

134 1358 244 1420 evasit.
259 1373 364 1418 eorum
376 1356 586 1435 prodigiorum
597 1373 694 1419 causa
704 1360 849 1421 consules
857 1358 990 1421 maiores
1001 1359 1117 1422 hostias

134 1442 344 1515 immolarunt,
364 1448 395 1502 et
415 1442 494 1502 diem
516 1458 606 1502 unum
627 1441 709 1502 circa
729 1443 832 1505 omnia
853 1441 1022 1519 pulvinaria
1045 1458 1115 1520 sup·

135 1524 260 1604 plicatio
286 1525 350 1587 luit
385 1524 545 1586 sacrificiis
570 1525 627 1586 rite
652 1525 797 1601 perlectis
822 1524 996 1602 prouincias
1020 1526 1117 1588 sortiti

135 1615 222 1671 sunta
245 1607 371 1671 claudie
383 1608 503 1682 Histria,
519 1607 701 1686 Sempronio
714 1609 856 1670 Sardinia
866 1609 997 1670 obvenit
1019 1612 1116 1686 legem

135 1694 207 1754 dein
229 1693 268 1753 de
289 1693 383 1754 sociis
405 1691 436 1752 (2.
453 1692 597 1755 Claudius
617 1693 684 1754 tulit
704 1708 743 1753 ex
764 1699 889 1756 senatus
911 1695 1066 1769 consulto,
1087 1700 1115 1754 el

135 1777 241 1851 edixit,
258 1775 310 1852 qui
325 1775 402 1838 socii
415 1792 452 1838 ac
467 1775 599 1838 nominis
613 1776 719 1851 Latini,
738 1775 799 1852 ipsi
816 1778 987 1839 maioresve
1001 1793 1114 1852 eorum,

133 1861 174 1921 Μ.
190 1861 315 1922 claudio
326 1859 356 1919 T.
370 1860 509 1935 Quinctio
524 1859 706 1922 censoribus
722 1867 855 1938 postque
869 1878 907 1924 ea
917 1863 1000 1938 apud
1011 1862 1115 1924 socios

135 1944 268 2006 nondnis
288 1944 385 2006 Latini
405 1945 491 2006 censi
512 1952 631 2017 essent,
652 1952 686 2005 ut
706 1959 813 2006 omnes
830 1945 860 2005 in
875 1961 963 2007 suam
984 1946 1116 2022 quisquc

135 2027 287 2090 civitatem
301 2035 371 2089 ante
385 2028 452 2089 Kal.
467 2029 657 2090 Novembres
672 2028 814 2089 redirent
834 2028 989 2113 quaestio,
1005 2029 1058 2104 qui
1075 2028 1116 2089 ita

135 2129 198 2174 non
213 2112 376 2185 redissent
391 2112 425 2172 L.
440 2112 584 2174 Mummio
600 2110 735 2189 praetori
749 2112 873 2174 decreta
885 2119 942 2173 cst
963 2111 1003 2173 ad
1018 2113 1115 2187 legem

135 2204 167 2257 et
186 2196 317 2258 edietum
338 2197 474 2259 consulis
494 2203 620 2259 senatus
642 2196 813 2257 consultum
834 2195 986 2258 adiectum
999 2203 1061 2268 est,
1083 2202 1116 2256 ut

136 2280 274 2356 dictator,
291 2283 415 2356 consul,
432 2280 572 2357 interrex,
589 2297 715 2354 censor,
731 2287 854 2357 praetor
868 2279 921 2357 qui
937 2285 1007 2340 tunc
1022 2288 1115 2355 esset,

135 2365 218 2439 apud
234 2381 340 2425 eorum
356 2380 445 2441 quem
462 2364 515 2440 qui
530 2365 803 2439 manumitteretur,
823 2364 853 2424 in
868 2364 1035 2424 libertatem
1049 2361 1112 2423 vin·

136 2447 303 2520 dicaretur,
325 2455 359 2509 ut
377 2447 586 2511 iusiurandum
606 2449 708 2523 daret,
728 2447 780 2526 qui
800 2463 870 2510 eum
885 2445 1114 2522 manumitteret,

135 2530 266 2593 civitatis
287 2533 450 2593 mutandae
469 2548 565 2594 causa
584 2549 677 2594 manu
696 2548 757 2594 non
779 2531 911 2596 mitterer
934 2530 986 2609 qui
1006 2528 1039 2592 id
1054 2545 1114 2591 non

134 2613 264 2689 iuraret,
289 2631 359 2677 eum
378 2614 647 2678 manumittendum
669 2633 730 2678 non
753 2623 952 2679 censuerunt.
985 2614 1064 2676 haec
1084 2615 1113 2675 in

135 2707 292 2774 posterum
317 2715 412 2761 causa
436 2700 572 2776 iurisque
597 2699 690 2763 detio
715 2700 746 2761 C.
768 2700 893 2763 claudio
917 2700 1036 2762 consuli
1061 2699 1113 2759 de

135 2789 218 2843 creta
232 2791 287 2845 est.

218 2866 254 2927 X.
277 2868 356 2928 Dum
369 2867 446 2928 haec
460 2868 575 2929 Romae
589 2874 744 2942 geruntur,
759 2866 799 2927 nt.
814 2866 919 2929 iunius
936 2874 967 2927 ct
979 2868 1017 2932 A.
1028 2866 1112 2927 Man·

133 2950 209 3021 lius,
226 2951 278 3026 qui
294 2952 396 3027 priore
410 2966 491 3013 anno
505 2952 650 3012 consules
665 2950 799 3025 luerunt,
812 2965 881 3012 cum
895 2950 1055 3026 Aquileiae
1068 2949 1112 3010 hi·

133 3033 332 3111 bernassent,
355 3034 506 3111 principio
520 3034 603 3094 veris
619 3033 649 3095 in
667 3033 746 3097 lines
761 3034 933 3095 Histrorum
947 3033 1112 3095 exercitum

132 3118 381 3192 introduxerunt;
404 3120 456 3180 ubi
471 3133 539 3179 cum
554 3116 654 3179 effuse
668 3118 896 3194 popularentur,
912 3118 1002 3180 dolor
1015 3116 1112 3193 magis

132 3209 163 3263 et
177 3201 344 3278 indignatio
359 3203 449 3279 diripi
464 3218 514 3263 res
526 3217 599 3263 suas
613 3210 773 3264 cernentes
784 3201 915 3272 Histros,
929 3219 1019 3279 quam
1030 3207 1113 3263 certa

133 3301 208 3363 spes
230 3287 305 3347 satis
326 3286 386 3347 sibi
409 3286 518 3347 virium
538 3286 690 3348 adversus
712 3287 791 3347 duos
814 3284 968 3348 exercitus
991 3283 1110 3346 excivit.

132 3384 286 3431 concursu
302 3385 341 3430 ex
359 3368 500 3432 omnibus
517 3370 642 3446 populis
660 3368 823 3432 iuventutis
838 3371 918 3432 iacto
933 3366 1109 3444 repentinus

131 3460 162 3513 et
175 3453 388 3515 tumultuarius
406 3453 558 3515 exercitus
573 3454 675 3515 acrius
693 3454 790 3530 primo
806 3454 921 3529 impetu
936 3464 1027 3527 quam
1042 3462 1110 3523 per-

132 3538 325 3600 severantius
347 3536 502 3614 pugnavit.
536 3537 576 3598 ad
600 3544 745 3614 quattuor
767 3538 848 3597 milia
869 3550 974 3596 eorum
995 3533 1025 3593 iu
1046 3530 1111 3592 acie
