2642 4017
261 283 270 296 ο
352 194 468 255 LIBER
481 196 571 256 XLV.
595 196 677 256 CAP.
691 204 734 259 38.
759 204 795 272 [a.
807 203 839 257 0.
854 206 916 272 167]
1062 199 1123 266 291

137 350 220 411 bano
243 348 481 424 triumpharunt3
509 363 600 408 nemo
618 348 651 408 L.
667 347 762 409 Paulo
778 350 876 425 magis
891 351 1011 427 eripere
1026 355 1123 417 decus

137 432 268 510 perlecti
286 434 358 493 belli
381 431 572 492 Macedonici
598 439 702 508 potest
725 449 817 508 quam
840 434 871 494 c.
891 434 1011 497 Lutatio
1033 438 1124 512 primi

136 518 244 579 Punici
259 516 345 592 belli,
366 531 458 591 quam
472 516 506 575 P.
522 513 664 577 cornelio
677 516 823 591 secundi,
840 533 932 592 quam
946 519 1005 579 illis
1020 522 1073 595 qui
1088 521 1123 560 **

136 600 414 677 triumphaverunt3
444 615 503 660 nec
528 600 563 660 L.
582 600 709 661 Paulum
731 599 879 660 minorem
900 610 954 663 aut
975 603 1123 666 maiorem

137 687 353 761 imperatorem
372 684 545 759 triumphus
566 682 658 743 laniet
676 706 733 739 -=
758 684 884 745 militum
898 687 996 762 magis
1017 687 1048 748 in
1062 687 1123 749 hoc

136 769 337 844 universique
351 767 459 844 populi
473 769 604 830 Romani
618 768 700 829 lama
714 766 823 843 agitur,
844 768 975 845 primum
991 785 1031 830 ne
1045 771 1122 832 iuvi·

137 854 208 914 diae
228 858 259 912 et
279 852 389 927 ingrati
405 850 497 912 animi
518 852 669 913 adversus
688 850 892 914 clarissimum
911 869 1066 930 quemque
1080 853 1121 916 ei·

136 953 208 998 vem
224 936 399 1011 opinionem
415 935 541 1009 babeat,
565 943 597 996 et
609 935 719 996 imitari
740 935 771 995 in
785 936 846 997 hoc
860 940 1010 1013 populum
1027 939 1121 1001 Athe·

136 1021 286 1094 niensem,
298 1020 483 1080 lacerantem
493 1019 608 1081 invidia
618 1019 776 1096 principes
784 1036 870 1094 suos,
883 1021 1032 1083 videatur.
1045 1024 1121 1084 satis

136 1111 300 1181 peccatam
311 1103 344 1163 in
359 1102 484 1165 camillo
499 1120 518 1164 a
531 1103 699 1166 maioribus
713 1105 826 1166 vestris
840 1112 898 1176 est,
915 1123 1007 1182 quem
1020 1113 1122 1167 tamen

135 1194 208 1249 ante
227 1195 383 1264 receptam
402 1203 461 1264 per
481 1204 552 1249 eum
573 1204 593 1248 a
616 1189 711 1248 Gallis
732 1188 840 1249 urbem
856 1189 1023 1261 violarunta
1045 1191 1121 1252 satis

138 1271 267 1348 insuper
286 1287 305 1331 a
324 1272 414 1334 vobis
429 1272 460 1331 in
474 1271 507 1330 P.
522 1270 679 1333 Africano.
697 1270 810 1332 Literni
825 1273 1011 1334 domicilium
1027 1282 1120 1334 etse

137 1358 207 1416 dem
221 1356 319 1417 luisse
333 1355 492 1416 domitoris
505 1355 644 1415 Airicaet
667 1355 780 1416 Literni
797 1357 974 1430 sepulcrum
985 1358 1120 1417 ostendit

137 1441 372 1513 erubescamus,
397 1439 496 1514 gloria
520 1438 547 1498 si
571 1454 629 1514 par
648 1439 708 1499 illis
728 1438 802 1498 viris
822 1439 857 1498 L.
877 1438 990 1500 Paulus
1010 1438 1122 1499 iniuria

136 1531 240 1584 vestra
260 1530 460 1599 exaequetur.
489 1520 566 1581 baec
581 1522 674 1596 igitur
689 1519 820 1595 primum
834 1521 959 1582 infamia
974 1523 1120 1597 deleatur,

138 1608 231 1668 loeda
251 1607 334 1682 apud
355 1605 431 1666 alias
454 1612 579 1681 gentes,
605 1604 758 1666 damnosa
782 1606 864 1681 apud
886 1613 1020 1667 nostros.
1050 1606 1120 1680 quis

137 1691 218 1751 enim
238 1696 291 1751 aut
309 1689 447 1750 Africani
467 1696 522 1750 aut
534 1687 619 1749 Pauli
641 1688 748 1749 similis
762 1707 826 1751 esre
838 1692 872 1749 in
887 1690 1005 1766 ingrata
1019 1697 1050 1751 et
1064 1689 1120 1750 ini-

137 1774 216 1835 mica
238 1773 330 1835 bonis
359 1773 480 1834 civitate
501 1772 596 1833 veliti
626 1774 653 1833 si
675 1772 800 1833 inlamia
820 1775 903 1834 nulla
923 1781 1008 1836 esset
1028 1781 1059 1835 et
1079 1775 1119 1834 da

137 1858 234 1933 gloria
253 1865 368 1919 tantum
384 1863 540 1932 ageretur,
562 1857 615 1932 qui
629 1857 754 1918 tandem
768 1858 940 1934 triumphus
957 1875 1019 1920 non
1035 1874 1118 1920 corn-

136 1958 259 2003 munem
283 1941 416 2002 nominis
441 1940 572 2001 Romani
595 1940 725 2015 gloriam
748 1940 863 2001 habete
893 1949 938 2003 tot
961 1943 1001 2002 de
1023 1942 1119 2001 Gallis

135 2024 295 2101 triumphi,
312 2033 358 2086 tot
376 2026 414 2085 de
428 2024 591 2100 Hispanis,
608 2030 654 2085 tot
667 2026 707 2084 de
721 2024 833 2086 Poenis
849 2024 988 2100 ipsorum
1002 2031 1119 2086 tantum

136 2110 351 2185 imperatorum
366 2124 406 2168 an
421 2109 528 2185 populi
539 2110 669 2169 Romani
681 2108 846 2170 dicunturt
859 2108 1119 2184 quemadmodum

136 2209 198 2253 non
219 2193 258 2252 de
277 2192 396 2271 Pyrrho
417 2192 509 2254 modo
531 2208 589 2252 nec
605 2192 644 2251 de
657 2192 829 2252 Hannibale
842 2209 898 2254 nec
910 2193 1048 2270 Philippo
1062 2191 1120 2252 sed

135 2278 175 2337 de
189 2276 324 2352 Epirotis
341 2275 706 2353 Carthaginiensibusque
726 2283 758 2336 et
769 2275 993 2337 Macedonibus
1013 2275 1118 2336 trium·

134 2361 188 2438 phi
203 2363 262 2422 acti
277 2369 357 2437 sunt,
376 2362 422 2423 sic
436 2377 500 2423 nou
514 2360 565 2420 Μ’.
580 2359 689 2421 curius
705 2368 821 2421 tantum
837 2376 895 2421 nec
908 2359 941 2422 P.
959 2360 1117 2421 Cornelius

133 2463 189 2507 nec
206 2446 239 2507 Τ.
255 2446 417 2521 Quaado,
438 2445 496 2507 sed
511 2442 642 2506 Romani
655 2444 887 2521 triumpharunt.
909 2445 1034 2505 militum
1052 2445 1118 2519 qui-

137 2530 206 2589 dem
226 2529 355 2608 propria
376 2538 425 2591 est
445 2546 555 2603 causa,
582 2530 635 2606 qui
654 2537 685 2591 et
703 2529 764 2606 ipsi
784 2526 913 2589 laureati
934 2536 970 2590 et·
985 2528 1119 2604 quisque

135 2612 227 2673 donis
252 2615 364 2690 quibus
395 2615 500 2677 donati
525 2620 597 2674 sunt
620 2615 758 2689 insignes
783 2612 970 2689 triumphum
994 2612 1116 2674 nomina

136 2693 230 2765 cient,
253 2713 389 2772 suasque
401 2704 432 2757 et
446 2697 639 2772 imperatoris
653 2698 763 2759 laudes
779 2705 924 2758 canentes
940 2713 996 2772 per
1010 2698 1117 2758 urbem

136 2777 289 2838 incedunt.
318 2780 345 2839 si
368 2781 492 2854 quando
513 2796 576 2839 non
598 2780 751 2855 deportati
772 2796 812 2840 ex
832 2782 993 2855 provincia
1006 2779 1116 2841 milites

134 2863 174 2922 ad
188 2861 374 2938 triumphurn
389 2863 458 2937 sint,
473 2865 613 2938 fremunt,
634 2871 780 2923 ettamen
794 2870 858 2923 tum
873 2880 999 2939 quaque
1014 2880 1048 2924 se
1064 2864 1117 2923 ab·

135 2954 255 3018 sentes,
272 2946 357 3022 quod
372 2947 438 3007 suis
452 2947 594 3007 manibus
609 2954 698 3024 parta
710 2947 839 3007 victoria
854 2948 908 3021 sit,
929 2947 1118 3024 triumphare

134 3032 271 3091 credunt.
301 3030 327 3091 si
344 3030 414 3106 quis
427 3047 486 3092 vos
501 3030 682 3106 interroget,
697 3031 822 3103 milites,
844 3032 885 3091 ad
900 3045 994 3107 qaam
1007 3048 1072 3092 rem
1086 3031 1117 3090 in

83 3156 85 3158 »
133 3113 249 3175 ltaliam
263 3114 416 3190 deportati
431 3121 462 3176 ct
475 3130 537 3175 non
552 3115 653 3176 statim
669 3114 810 3175 coniecta
824 3114 984 3189 provincia
998 3113 1117 3176 dimissi

134 3199 217 3274 sitis,
239 3198 314 3275 quid
328 3199 457 3261 Romam
472 3200 649 3275 trequentes
672 3200 731 3259 sub
746 3199 843 3275 signis
858 3201 1020 3274 veneritis,
1041 3198 1116 3273 quid

132 3283 291 3345 moremini
312 3282 362 3343 hic
385 3291 416 3343 et
434 3300 497 3344 non
520 3283 635 3344 diversi
657 3282 767 3344 domos
786 3283 918 3360 quisque
932 3283 1049 3343 abeatis
1063 3295 1117 3339 ve-

133 3374 228 3440 stras,
255 3367 331 3443 quid
351 3367 435 3427 aliud
454 3366 688 3443 respondeatis,
714 3383 807 3442 quam
823 3383 880 3427 vos
895 3365 1116 3440 triumphantes

134 3451 229 3510 rideri
249 3452 349 3510 vellet
376 3467 434 3512 vos
451 3459 533 3513 cene
546 3451 680 3513 victores
698 3450 838 3527 conspici
851 3451 932 3509 velle
946 3444 1115 3508 debebatis.

855 3536 911 3595 19*
