2642 4017
10 60 12 71 l

10 176 11 185 l

10 190 12 205 Ι

10 234 14 367 l

249 316 290 383 70
388 316 505 377 LIBER
518 316 579 376 XL.
602 315 686 377 cAP.
703 322 745 379 18.
758 324 801 379 19.
812 326 855 379 20.
878 324 916 392 [a.
931 324 967 376 U.
984 341 1008 376 c.
1023 324 1087 392 all]

242 477 305 533 tem
324 485 426 546 usque
445 468 485 528 ad
500 465 685 541 Massiliam,
704 468 824 528 laevam
844 468 920 528 alter
933 483 1035 545 usque
1050 469 1090 529 ad
1104 470 1223 533 Barium

241 560 386 616 tueretur.

325 637 404 698 XIX.
425 634 569 711 Prodigia
583 635 678 694 multa
692 635 784 696 loeda
798 642 829 695 et
839 636 956 698 Romae
971 652 1008 697 eo
1024 651 1105 697 auno
1117 637 1184 698 visa
1195 647 1225 701 et

241 719 379 783 nuntiata
399 734 537 797 peregre.
569 719 599 779 in
621 733 694 778 area
708 718 839 779 Vulcani
854 727 886 781 et
898 719 1088 782 ConcordIae
1103 721 1225 796 sangui-

241 822 309 866 nem
322 805 414 880 pluit;
436 811 468 864 et
480 802 644 880 pontifices
655 801 760 863 hastas
773 811 872 865 motas
885 805 1072 878 nuntiavere,
1088 811 1118 864 et
1127 804 1223 865 Lanu·

240 890 282 949 vii
302 889 499 950 simulacrum
521 886 645 948 lunonis
665 884 809 961 Sospitae
829 889 1017 948 lacrimasse.
1053 888 1226 964 pestilentia

240 971 271 1034 in
287 971 369 1048 agris
385 972 523 1046 lorisque
539 978 570 1032 et
584 968 797 1031 conciliabulis
814 973 888 1031 etin
903 972 1169 1045 urbetantuerat,
1192 978 1227 1033 ut

240 1057 372 1117 Libitina
398 1062 470 1115 tunc
500 1056 553 1113 vix
576 1054 742 1114 sufficeret.
774 1053 823 1114 his
849 1053 1000 1131 prodigiis
1025 1055 1226 1131 cladibusque
1313 1082 1314 1087 ¹

240 1141 324 1201 anxii
337 1147 440 1216 patres
455 1139 666 1210 decreverunt,
681 1145 715 1198 ut
728 1145 758 1198 et
772 1141 926 1213 consules,
944 1137 1054 1213 quibus
1070 1138 1129 1199 diis
1140 1139 1211 1199 vide
1217 1173 1226 1181 ·-

240 1232 338 1299 retur,
353 1221 463 1285 hostiis
478 1222 644 1283 maioribus
659 1222 883 1296 sacrificarent,
905 1228 936 1283 et
950 1220 1115 1282 decemviri
1129 1223 1223 1283 libros

242 1309 367 1369 adirent.
391 1322 496 1369 eorum
512 1306 636 1366 decreto
651 1304 835 1380 supplicatio
850 1307 932 1366 circa
943 1305 1044 1366 omnia
1054 1307 1225 1382 pulvinaria

240 1393 357 1454 Romae
371 1393 401 1451 in
418 1391 499 1451 diem
512 1405 606 1450 unum
618 1388 731 1448 indicta
745 1397 802 1449 est.
823 1390 934 1450 iisdem
946 1391 1122 1451 auctoribus
1134 1396 1166 1450 et
1176 1406 1225 1450 se·
1313 1414 1314 1461 g

241 1483 331 1538 natus
348 1475 468 1536 censuit
481 1480 512 1534 et
526 1475 670 1533 consules
688 1470 863 1549 edixerunt,
884 1480 918 1533 ut
931 1489 988 1550 per
1001 1479 1096 1534 totam
1110 1474 1225 1534 ltaliam
1313 1480 1314 1497 ¹

241 1560 373 1622 triduum
388 1558 572 1634 supplicatio
588 1554 726 1616 et'leriae
740 1566 854 1633 essent.
875 1557 1068 1634 pestilentiae
1081 1565 1164 1618 tanta
1176 1557 1224 1619 vis

241 1649 321 1716 erat,
341 1649 388 1715 ut,
410 1658 480 1702 cum
501 1645 628 1717 propter
648 1639 851 1703 delectionem
867 1640 1031 1703 Corsorum
1049 1641 1224 1718 bellumque

210 1800 212 1803 .
241 1726 281 1787 ab
295 1726 458 1787 Iliensibus
480 1726 663 1786 concitatum
686 1725 716 1784 in
737 1724 878 1786 Sardinia
897 1732 968 1787 octo
989 1725 1072 1785 milia
1089 1725 1225 1799 peditum

242 1825 282 1869 ex
307 1809 401 1870 sociis
421 1808 519 1869 Latini
544 1809 677 1870 nominis
705 1808 874 1885 placuisset
897 1810 990 1870 scribi
1015 1814 1047 1868 et
1070 1815 1223 1871 trecentos

242 1894 377 1969 equites,
401 1909 480 1970 quos
500 1892 541 1952 M.
562 1892 702 1953 Pinarius
726 1899 851 1969 praetor
873 1909 980 1954 secum
999 1890 1030 1952 in
1053 1891 1224 1953 Sardiniam
1313 1894 1314 1975 ᾗ

242 1978 398 2053 traiceret,
412 1982 529 2038 tantum
542 1976 698 2037 hominum
713 1976 906 2038 demortuum
922 1993 1009 2051 esse,
1030 1983 1146 2037 tantum
1158 1977 1227 2037 ubi·
1313 1992 1314 1995 ¹

243 2078 303 2138 que
314 2077 478 2136 aegrorum
490 2061 633 2121 consules
645 2057 893 2133 renuntiaverint,
904 2067 938 2121 ut
948 2060 975 2121 is
986 2075 1132 2120 numerus
1144 2060 1226 2121 ellici

241 2144 369 2205 militurn
383 2161 445 2205 nou
461 2142 603 2218 potuerit.
633 2141 718 2216 quod
733 2142 839 2202 deerat
851 2140 986 2216 militum,
1003 2159 1124 2205 sumere
1138 2159 1157 2204 a
1172 2146 1225 2205 cn.

241 2228 357 2290 Baebio
373 2228 576 2305 proconsule,
594 2225 645 2302 qui
659 2224 738 2285 Pisis
753 2223 947 2301 hibernabat,
971 2218 1077 2290 iussus
1092 2233 1225 2305 praetor,

241 2318 335 2389 atquc
349 2312 422 2374 inde
435 2310 466 2373 in
480 2309 653 2373 Sardiniam
666 2308 805 2369 traicere.

326 2397 359 2456 L.
373 2395 509 2469 Duronio
530 2393 679 2469 praetori,
699 2392 746 2452 cui
767 2393 925 2468 provincia
939 2395 1053 2470 Apulia
1073 2403 1228 2472 evenerat,

241 2481 362 2541 adiecta
373 2480 413 2539 de
418 2476 664 2538 Bacchanalibus
677 2477 816 2551 quaestio
825 2483 883 2550 est,
896 2478 983 2538 culus
994 2477 1120 2540 residua
1131 2495 1227 2555 quae·

242 2564 313 2624 dani
327 2564 411 2621 velut
425 2559 543 2620 semina
557 2574 596 2618 ex
611 2559 765 2634 prioribus
780 2561 867 2621 malis
883 2561 941 2621 iam
957 2562 1060 2636 priore
1075 2579 1155 2624 anuo
1171 2578 1228 2638 ap-

240 2651 421 2722 paruerant;
443 2643 501 2703 sed
522 2643 620 2718 magis
635 2643 796 2705 inchoatae
815 2645 898 2720 apud
912 2645 945 2705 L.
961 2645 1090 2723 Pupium
1104 2654 1228 2723 praeto·

239 2744 305 2790 rem
321 2727 520 2803 quaestiones
542 2734 629 2788 erant
644 2744 736 2804 quam
752 2728 791 2788 ad
806 2729 920 2789 exitum
935 2729 1030 2790 ullum
1045 2732 1227 2806 perductae.

240 2811 272 2872 ld
287 2825 451 2886 persecare
465 2827 580 2872 novum
594 2819 776 2887 praetorem,
794 2827 834 2871 ne
849 2820 988 2888 serperet
1000 2814 1108 2875 iterum
1123 2813 1227 2890 latius,
1313 2836 1314 2883 ῃ

239 2902 343 2971 patres
360 2894 526 2956 iusserunt.
552 2903 583 2955 et
596 2898 682 2972 leges
697 2896 736 2956 de
751 2896 864 2956 ambitu
879 2899 1024 2958 consules
1039 2913 1079 2957 ex
1093 2895 1227 2959 auctori·
1313 2888 1314 2951 ἶ

239 2984 301 3039 tate
316 2985 443 3041 senatus
458 2980 498 3040 ad
510 2982 659 3056 populum
672 2981 810 3042 talemnt.
838 2979 910 3039 *XX.
931 2981 1100 3056 legationes
1112 2979 1229 3042 deinde

240 3062 271 3122 in
283 3068 423 3123 senatum
434 3062 678 3136 introduxerunt,
693 3079 800 3139 regum
811 3062 926 3140 primas
936 3063 1082 3126 Eumenis
1094 3071 1126 3125 et
1134 3065 1228 3126 Aria·

239 3144 335 3207 rathis
358 3147 551 3223 Cappadocis
572 3156 603 3209 et
618 3147 785 3209 Phamacls
805 3146 931 3208 Pontici.
962 3164 1019 3209 uec
1040 3149 1118 3210 ultra
1139 3148 1228 3222 quic·

240 3245 331 3305 quam
352 3230 397 3291 eis
419 3246 607 3308 responsum
627 3238 675 3292 est
696 3248 787 3308 quam
808 3230 958 3293 missuros
980 3233 1033 3308 qui
1048 3232 1087 3292 de
1102 3238 1228 3293 contro·

238 3314 350 3375 versiis
371 3329 478 3375 eorum
499 3324 723 3389 cognoscerent
748 3321 985 3392 statuerantque.
1016 3315 1229 3377 Lacedaemo·

239 3397 360 3459 nicrum
386 3396 498 3459 deinde
523 3399 663 3459 exsulum
682 3393 714 3458 'et
733 3400 927 3460 Achaeorum
947 3400 1037 3475 legati
1059 3398 1230 3462 introducti

240 3489 320 3554 suut,
350 3491 381 3544 et
403 3498 478 3557 spes
507 3483 577 3543 data
605 3483 765 3543 exsulibus
793 3489 842 3543 est
869 3483 1053 3558 scripturum
1083 3489 1229 3545 senatum

239 3565 391 3641 Achaeis,
413 3573 447 3628 ut
465 3568 707 3628 restituerentur.
739 3564 856 3626 Achaei
876 3566 916 3626 de
933 3565 1078 3629 Messene
1098 3573 1230 3645 recepta
1313 3582 1314 3587 ’
