<?xml version="1.0" encoding="UTF-8"?>
<!DOCTYPE html PUBLIC "-//W3C//DTD XHTML 1.0 Transitional//EN"
    "http://www.w3.org/TR/xhtml1/DTD/xhtml1-transitional.dtd">
<html xmlns="http://www.w3.org/1999/xhtml" xml:lang="en" lang="en">
 <head>
  <title>
</title>
<meta http-equiv="Content-Type" content="text/html;charset=utf-8" />
  <meta name='ocr-system' content='tesseract 3.04.00' />
  <meta name='ocr-capabilities' content='ocr_page ocr_carea ocr_par ocr_line ocrx_word'/>
</head>
<body>
  <div class='ocr_page' id='page_1' title='image "./aburbeconditali01mlgoog_0144.png"; bbox 0 0 2642 4017; ppageno 0'>
   <div class='ocr_carea' id='block_1_1' title="bbox 233 262 1044 337">
    <p class='ocr_par' dir='ltr' id='par_1_1' title="bbox 233 262 1044 337">
     <span class='ocr_line' id='line_1_1' title="bbox 233 262 1044 337; baseline -0.004 -10"><span class='ocrx_word' id='word_1_1' title='bbox 233 264 296 328; x_wconf 71' lang='lat'><strong>112</strong></span> <span class='ocrx_word' id='word_1_2' title='bbox 407 264 523 325; x_wconf 80' lang='lat' dir='ltr'><strong>LIBER</strong></span> <span class='ocrx_word' id='word_1_3' title='bbox 532 264 607 325; x_wconf 84' lang='lat' dir='ltr'><strong>XLI.</strong></span> <span class='ocrx_word' id='word_1_4' title='bbox 630 262 714 324; x_wconf 78' lang='lat' dir='ltr'><strong>cAP.</strong></span> <span class='ocrx_word' id='word_1_5' title='bbox 731 272 773 326; x_wconf 88' lang='lat' dir='ltr'><strong>lo.</strong></span> <span class='ocrx_word' id='word_1_6' title='bbox 786 272 828 324; x_wconf 89' lang='lat'><strong>11.</strong></span> <span class='ocrx_word' id='word_1_7' title='bbox 849 269 886 336; x_wconf 81' lang='grc' dir='ltr'><strong>[ι.</strong></span> <span class='ocrx_word' id='word_1_8' title='bbox 899 267 933 322; x_wconf 76' lang='grc' dir='ltr'><strong>υ.</strong></span> <span class='ocrx_word' id='word_1_9' title='bbox 945 285 969 321; x_wconf 91' lang='lat' dir='ltr'><strong>c.</strong></span> <span class='ocrx_word' id='word_1_10' title='bbox 980 266 1044 337; x_wconf 76' lang='lat'><strong>575]</strong></span> 
     </span>
    </p>
   </div>
   <div class='ocr_carea' id='block_1_2' title="bbox 231 412 1218 658">
    <p class='ocr_par' dir='ltr' id='par_1_2' title="bbox 231 412 1218 658">
     <span class='ocr_line' id='line_1_2' title="bbox 232 412 1216 490; baseline -0.005 -13"><span class='ocrx_word' id='word_1_11' title='bbox 232 432 340 477; x_wconf 80' lang='lat' dir='ltr'><strong>caesa:</strong></span> <span class='ocrx_word' id='word_1_12' title='bbox 362 415 456 476; x_wconf 88' lang='lat' dir='ltr'><strong>ceteri</strong></span> <span class='ocrx_word' id='word_1_13' title='bbox 470 412 587 476; x_wconf 85' lang='lat' dir='ltr'><strong>omisso</strong></span> <span class='ocrx_word' id='word_1_14' title='bbox 602 413 684 474; x_wconf 89' lang='lat' dir='ltr'><strong>bello</strong></span> <span class='ocrx_word' id='word_1_15' title='bbox 698 414 729 474; x_wconf 93' lang='lat' dir='ltr'><strong>in</strong></span> <span class='ocrx_word' id='word_1_16' title='bbox 744 413 882 474; x_wconf 89' lang='lat' dir='ltr'><strong>civitates</strong></span> <span class='ocrx_word' id='word_1_17' title='bbox 894 413 1011 490; x_wconf 87' lang='lat' dir='ltr'><strong>passim</strong></span> <span class='ocrx_word' id='word_1_18' title='bbox 1023 413 1216 490; x_wconf 76' lang='lat' dir='ltr'><strong>diffugerunt.</strong></span> 
     </span>
     <span class='ocr_line' id='line_1_3' title="bbox 232 497 1218 574; baseline 0.001 -14"><span class='ocrx_word' id='word_1_19' title='bbox 232 501 304 561; x_wconf 90' lang='lat' dir='ltr'><strong>inde</strong></span> <span class='ocrx_word' id='word_1_20' title='bbox 327 501 445 574; x_wconf 78' lang='lat' dir='ltr'><strong>legatos</strong></span> <span class='ocrx_word' id='word_1_21' title='bbox 467 498 598 574; x_wconf 90' lang='lat' dir='ltr'><strong>primum</strong></span> <span class='ocrx_word' id='word_1_22' title='bbox 618 497 658 557; x_wconf 91' lang='lat' dir='ltr'><strong>ad</strong></span> <span class='ocrx_word' id='word_1_23' title='bbox 677 511 787 572; x_wconf 89' lang='lat' dir='ltr'><strong>pacem</strong></span> <span class='ocrx_word' id='word_1_24' title='bbox 807 497 971 572; x_wconf 87' lang='lat' dir='ltr'><strong>petendam</strong></span> <span class='ocrx_word' id='word_1_25' title='bbox 993 498 1022 557; x_wconf 92' lang='lat' dir='ltr'><strong>in</strong></span> <span class='ocrx_word' id='word_1_26' title='bbox 1042 508 1143 561; x_wconf 87' lang='lat' dir='ltr'><strong>castra</strong></span> <span class='ocrx_word' id='word_1_27' title='bbox 1157 500 1218 561; x_wconf 84' lang='lat' dir='ltr'><strong>Ro·</strong></span> 
     </span>
     <span class='ocr_line' id='line_1_4' title="bbox 231 579 1204 658; baseline 0 -14"><span class='ocrx_word' id='word_1_28' title='bbox 231 599 330 658; x_wconf 88' lang='lat' dir='ltr'><strong>mana,</strong></span> <span class='ocrx_word' id='word_1_29' title='bbox 346 581 460 642; x_wconf 86' lang='lat' dir='ltr'><strong>deinde</strong></span> <span class='ocrx_word' id='word_1_30' title='bbox 475 581 602 642; x_wconf 89' lang='lat' dir='ltr'><strong>obsides</strong></span> <span class='ocrx_word' id='word_1_31' title='bbox 618 579 786 656; x_wconf 88' lang='lat' dir='ltr'><strong>imperatos</strong></span> <span class='ocrx_word' id='word_1_32' title='bbox 801 581 958 643; x_wconf 85' lang='lat' dir='ltr'><strong>miserunt.</strong></span> <span class='ocrx_word' id='word_1_33' title='bbox 975 580 1058 645; x_wconf 73' lang='lat' dir='ltr'><strong>haec</strong></span> <span class='ocrx_word' id='word_1_34' title='bbox 1073 598 1143 644; x_wconf 72' lang='lat' dir='ltr'><strong>clun</strong></span> <span class='ocrx_word' id='word_1_35' title='bbox 1156 584 1204 644; x_wconf 88' lang='lat' dir='ltr'><strong>lto</strong></span> 
     </span>
    </p>
   </div>
   <div class='ocr_carea' id='block_1_3' title="bbox 231 664 1315 742">
    <p class='ocr_par' dir='ltr' id='par_1_3' title="bbox 231 664 1315 742">
     <span class='ocr_line' id='line_1_5' title="bbox 231 664 1315 742; baseline -0.006 -14"><span class='ocrx_word' id='word_1_36' title='bbox 231 684 300 730; x_wconf 89' lang='lat' dir='ltr'><strong>mae</strong></span> <span class='ocrx_word' id='word_1_37' title='bbox 312 667 434 742; x_wconf 81' lang='lat' dir='ltr'><strong>cognita</strong></span> <span class='ocrx_word' id='word_1_38' title='bbox 449 664 555 726; x_wconf 90' lang='lat' dir='ltr'><strong>litteris</strong></span> <span class='ocrx_word' id='word_1_39' title='bbox 571 666 791 740; x_wconf 80' lang='lat' dir='ltr'><strong>proconsulum</strong></span> <span class='ocrx_word' id='word_1_40' title='bbox 806 672 920 739; x_wconf 88' lang='lat' dir='ltr'><strong>essent,</strong></span> <span class='ocrx_word' id='word_1_41' title='bbox 934 665 966 725; x_wconf 79' lang='lat' dir='ltr'><strong>C.</strong></span> <span class='ocrx_word' id='word_1_42' title='bbox 984 665 1129 727; x_wconf 84' lang='lat' dir='ltr'><strong>Claudius</strong></span> <span class='ocrx_word' id='word_1_43' title='bbox 1143 682 1218 728; x_wconf 88' lang='lat' dir='ltr'><strong>con·</strong></span> <span class='ocrx_word' id='word_1_44' title='bbox 1314 718 1315 721; x_wconf 74' lang='grc'>,</span> 
     </span>
    </p>
   </div>
   <div class='ocr_carea' id='block_1_4' title="bbox 230 749 1315 1748">
    <p class='ocr_par' dir='ltr' id='par_1_4' title="bbox 230 749 1315 1748">
     <span class='ocr_line' id='line_1_6' title="bbox 231 749 1217 825; baseline -0.002 -12"><span class='ocrx_word' id='word_1_45' title='bbox 231 754 279 813; x_wconf 87' lang='lat' dir='ltr'><strong>sul</strong></span> <span class='ocrx_word' id='word_1_46' title='bbox 291 751 423 824; x_wconf 87' lang='lat' dir='ltr'><strong>veritus,</strong></span> <span class='ocrx_word' id='word_1_47' title='bbox 439 765 478 809; x_wconf 88' lang='lat' dir='ltr'><strong>ne</strong></span> <span class='ocrx_word' id='word_1_48' title='bbox 496 749 574 811; x_wconf 90' lang='lat' dir='ltr'><strong>lorte</strong></span> <span class='ocrx_word' id='word_1_49' title='bbox 588 764 625 808; x_wconf 90' lang='lat' dir='ltr'><strong>ea</strong></span> <span class='ocrx_word' id='word_1_50' title='bbox 639 765 691 810; x_wconf 93' lang='lat' dir='ltr'><strong>res</strong></span> <span class='ocrx_word' id='word_1_51' title='bbox 706 749 895 825; x_wconf 88' lang='lat' dir='ltr'><strong>provinciam</strong></span> <span class='ocrx_word' id='word_1_52' title='bbox 911 749 1143 825; x_wconf 88' lang='lat' dir='ltr'><strong>exercitumque</strong></span> <span class='ocrx_word' id='word_1_53' title='bbox 1159 750 1217 811; x_wconf 90' lang='lat' dir='ltr'><strong>sibi</strong></span> 
     </span>
     <span class='ocr_line' id='line_1_7' title="bbox 232 832 1216 909; baseline -0.002 -13"><span class='ocrx_word' id='word_1_54' title='bbox 232 836 393 907; x_wconf 78' lang='lat' dir='ltr'><strong>adimeret,</strong></span> <span class='ocrx_word' id='word_1_55' title='bbox 409 849 471 894; x_wconf 90' lang='lat' dir='ltr'><strong>non</strong></span> <span class='ocrx_word' id='word_1_56' title='bbox 485 834 565 894; x_wconf 89' lang='lat' dir='ltr'><strong>votis</strong></span> <span class='ocrx_word' id='word_1_57' title='bbox 580 833 781 909; x_wconf 88' lang='lat' dir='ltr'><strong>nuncupatis,</strong></span> <span class='ocrx_word' id='word_1_58' title='bbox 796 849 859 894; x_wconf 90' lang='lat' dir='ltr'><strong>non</strong></span> <span class='ocrx_word' id='word_1_59' title='bbox 876 833 1031 908; x_wconf 79' lang='lat' dir='ltr'><strong>paludatis</strong></span> <span class='ocrx_word' id='word_1_60' title='bbox 1047 832 1216 909; x_wconf 69' lang='lat' dir='ltr'><strong>lictoribus</strong></span> 
     </span>
     <span class='ocr_line' id='line_1_8' title="bbox 231 917 1216 993; baseline -0.004 -12"><span class='ocrx_word' id='word_1_61' title='bbox 231 937 293 981; x_wconf 93' lang='lat' dir='ltr'><strong>uno</strong></span> <span class='ocrx_word' id='word_1_62' title='bbox 306 918 440 979; x_wconf 90' lang='lat' dir='ltr'><strong>omnium</strong></span> <span class='ocrx_word' id='word_1_63' title='bbox 454 918 584 978; x_wconf 85' lang='lat' dir='ltr'><strong>certiore</strong></span> <span class='ocrx_word' id='word_1_64' title='bbox 599 918 679 978; x_wconf 90' lang='lat' dir='ltr'><strong>lacto</strong></span> <span class='ocrx_word' id='word_1_65' title='bbox 695 919 813 991; x_wconf 78' lang='lat' dir='ltr'>collega</span> <span class='ocrx_word' id='word_1_66' title='bbox 828 923 918 977; x_wconf 91' lang='lat' dir='ltr'><strong>nocte</strong></span> <span class='ocrx_word' id='word_1_67' title='bbox 934 917 1105 992; x_wconf 86' lang='lat' dir='ltr'><strong>proiectus,</strong></span> <span class='ocrx_word' id='word_1_68' title='bbox 1127 933 1216 993; x_wconf 91' lang='lat' dir='ltr'><strong>prae·</strong></span> 
     </span>
     <span class='ocr_line' id='line_1_9' title="bbox 232 1000 1217 1078; baseline 0 -16"><span class='ocrx_word' id='word_1_69' title='bbox 232 1018 307 1078; x_wconf 87' lang='lat' dir='ltr'><strong>ceps</strong></span> <span class='ocrx_word' id='word_1_70' title='bbox 322 1003 352 1062; x_wconf 92' lang='lat' dir='ltr'><strong>in</strong></span> <span class='ocrx_word' id='word_1_71' title='bbox 369 1001 559 1078; x_wconf 89' lang='lat' dir='ltr'><strong>provinciam</strong></span> <span class='ocrx_word' id='word_1_72' title='bbox 573 1000 661 1071; x_wconf 72' lang='lat' dir='ltr'><strong>abiit,</strong></span> <span class='ocrx_word' id='word_1_73' title='bbox 689 1000 741 1061; x_wconf 89' lang='lat' dir='ltr'><strong>ubi</strong></span> <span class='ocrx_word' id='word_1_74' title='bbox 758 1000 963 1063; x_wconf 80' lang='lat' dir='ltr'><strong>inconsultius</strong></span> <span class='ocrx_word' id='word_1_75' title='bbox 980 1016 1073 1076; x_wconf 86' lang='lat' dir='ltr'><strong>quam</strong></span> <span class='ocrx_word' id='word_1_76' title='bbox 1090 1010 1217 1063; x_wconf 87' lang='lat' dir='ltr'><strong>venerat</strong></span> 
     </span>
     <span class='ocr_line' id='line_1_10' title="bbox 232 1083 1214 1160; baseline -0.001 -14"><span class='ocrx_word' id='word_1_77' title='bbox 232 1101 267 1146; x_wconf 88' lang='lat' dir='ltr'><strong>se</strong></span> <span class='ocrx_word' id='word_1_78' title='bbox 281 1086 387 1160; x_wconf 79' lang='lat' dir='ltr'><strong>gessit</strong></span> <span class='ocrx_word' id='word_1_79' title='bbox 410 1100 479 1144; x_wconf 92' lang='lat' dir='ltr'><strong>nam</strong></span> <span class='ocrx_word' id='word_1_80' title='bbox 496 1100 565 1144; x_wconf 90' lang='lat' dir='ltr'><strong>cum</strong></span> <span class='ocrx_word' id='word_1_81' title='bbox 581 1083 723 1146; x_wconf 88' lang='lat' dir='ltr'><strong>contione</strong></span> <span class='ocrx_word' id='word_1_82' title='bbox 738 1085 889 1146; x_wconf 87' lang='lat' dir='ltr'><strong>advocata</strong></span> <span class='ocrx_word' id='word_1_83' title='bbox 903 1084 1007 1159; x_wconf 79' lang='lat' dir='ltr'><strong>lugam</strong></span> <span class='ocrx_word' id='word_1_84' title='bbox 1020 1100 1039 1144; x_wconf 87' lang='lat' dir='ltr'><strong>e</strong></span> <span class='ocrx_word' id='word_1_85' title='bbox 1053 1085 1162 1147; x_wconf 75' lang='lat' dir='ltr'><strong>ansuis</strong></span> <span class='ocrx_word' id='word_1_86' title='bbox 1176 1087 1214 1146; x_wconf 83' lang='grc' dir='ltr'><strong>Α.</strong></span> 
     </span>
     <span class='ocr_line' id='line_1_11' title="bbox 230 1166 1215 1246; baseline 0 -16"><span class='ocrx_word' id='word_1_87' title='bbox 230 1169 334 1230; x_wconf 85' lang='lat' dir='ltr'><strong>Manlii</strong></span> <span class='ocrx_word' id='word_1_88' title='bbox 354 1169 493 1230; x_wconf 86' lang='lat' dir='ltr'><strong>aduersis</strong></span> <span class='ocrx_word' id='word_1_89' title='bbox 520 1167 646 1229; x_wconf 86' lang='lat' dir='ltr'><strong>auribus</strong></span> <span class='ocrx_word' id='word_1_90' title='bbox 668 1166 808 1241; x_wconf 88' lang='lat' dir='ltr'><strong>militum,</strong></span> <span class='ocrx_word' id='word_1_91' title='bbox 835 1168 952 1245; x_wconf 92' lang='lat' dir='ltr'><strong>quippe</strong></span> <span class='ocrx_word' id='word_1_92' title='bbox 973 1168 1024 1244; x_wconf 86' lang='lat' dir='ltr'><strong>qui</strong></span> <span class='ocrx_word' id='word_1_93' title='bbox 1045 1168 1134 1243; x_wconf 88' lang='lat' dir='ltr'><strong>primi</strong></span> <span class='ocrx_word' id='word_1_94' title='bbox 1154 1168 1215 1246; x_wconf 92' lang='lat' dir='ltr'><strong>ipsi</strong></span> 
     </span>
     <span class='ocr_line' id='line_1_12' title="bbox 232 1251 1315 1331; baseline 0 -17"><span class='ocrx_word' id='word_1_95' title='bbox 232 1253 391 1328; x_wconf 81' lang='lat' dir='ltr'><strong>lngisscnl,</strong></span> <span class='ocrx_word' id='word_1_96' title='bbox 406 1251 565 1326; x_wconf 86' lang='lat' dir='ltr'><strong>iactasset,</strong></span> <span class='ocrx_word' id='word_1_97' title='bbox 582 1259 612 1312; x_wconf 92' lang='lat' dir='ltr'><strong>et</strong></span> <span class='ocrx_word' id='word_1_98' title='bbox 627 1251 812 1328; x_wconf 74' lang='lat' dir='ltr'><strong>ingessisset</strong></span> <span class='ocrx_word' id='word_1_99' title='bbox 820 1252 941 1328; x_wconf 89' lang='lat' dir='ltr'><strong>probra</strong></span> <span class='ocrx_word' id='word_1_100' title='bbox 955 1252 995 1311; x_wconf 89' lang='lat' dir='ltr'><strong>M.</strong></span> <span class='ocrx_word' id='word_1_101' title='bbox 1011 1253 1113 1326; x_wconf 92' lang='lat' dir='ltr'><strong>lunio,</strong></span> <span class='ocrx_word' id='word_1_102' title='bbox 1131 1253 1215 1331; x_wconf 89' lang='lat' dir='ltr'><strong>quod</strong></span> <span class='ocrx_word' id='word_1_103' title='bbox 1314 1308 1315 1313; x_wconf 73' lang='grc'>,</span> 
     </span>
     <span class='ocr_line' id='line_1_13' title="bbox 230 1334 1315 1411; baseline 0.001 -14"><span class='ocrx_word' id='word_1_104' title='bbox 230 1354 266 1397; x_wconf 90' lang='lat' dir='ltr'><strong>se</strong></span> <span class='ocrx_word' id='word_1_105' title='bbox 277 1337 441 1399; x_wconf 89' lang='lat' dir='ltr'><strong>dedecoris</strong></span> <span class='ocrx_word' id='word_1_106' title='bbox 453 1334 572 1396; x_wconf 89' lang='lat' dir='ltr'><strong>socium</strong></span> <span class='ocrx_word' id='word_1_107' title='bbox 584 1335 722 1410; x_wconf 81' lang='lat' dir='ltr'><strong>collegae</strong></span> <span class='ocrx_word' id='word_1_108' title='bbox 732 1334 865 1411; x_wconf 85' lang='lat' dir='ltr'><strong>lecisset,</strong></span> <span class='ocrx_word' id='word_1_109' title='bbox 873 1337 1089 1397; x_wconf 83' lang='lat' dir='ltr'><strong>adextremum</strong></span> <span class='ocrx_word' id='word_1_110' title='bbox 1101 1344 1213 1398; x_wconf 80' lang='lat' dir='ltr'><strong>utnum-</strong></span> <span class='ocrx_word' id='word_1_111' title='bbox 1314 1334 1315 1349; x_wconf 62' lang='lat'>¹</span> 
     </span>
     <span class='ocr_line' id='line_1_14' title="bbox 231 1417 1213 1497; baseline 0 -16"><span class='ocrx_word' id='word_1_112' title='bbox 231 1437 292 1497; x_wconf 92' lang='lat' dir='ltr'><strong>que</strong></span> <span class='ocrx_word' id='word_1_113' title='bbox 306 1421 458 1481; x_wconf 82' lang='lat' dir='ltr'><strong>decedere</strong></span> <span class='ocrx_word' id='word_1_114' title='bbox 472 1418 630 1495; x_wconf 90' lang='lat' dir='ltr'><strong>provincia</strong></span> <span class='ocrx_word' id='word_1_115' title='bbox 642 1417 741 1480; x_wconf 90' lang='lat' dir='ltr'><strong>iussit.</strong></span> <span class='ocrx_word' id='word_1_116' title='bbox 765 1420 931 1496; x_wconf 90' lang='lat' dir='ltr'><strong>quodcum</strong></span> <span class='ocrx_word' id='word_1_117' title='bbox 945 1420 987 1480; x_wconf 93' lang='lat' dir='ltr'><strong>illi</strong></span> <span class='ocrx_word' id='word_1_118' title='bbox 1003 1427 1065 1479; x_wconf 88' lang='lat' dir='ltr'><strong>tum</strong></span> <span class='ocrx_word' id='word_1_119' title='bbox 1077 1422 1213 1482; x_wconf 90' lang='lat' dir='ltr'><strong>consulis</strong></span> 
     </span>
     <span class='ocr_line' id='line_1_15' title="bbox 230 1500 1214 1580; baseline 0.001 -16"><span class='ocrx_word' id='word_1_120' title='bbox 230 1505 357 1580; x_wconf 91' lang='lat' dir='ltr'><strong>imperio</strong></span> <span class='ocrx_word' id='word_1_121' title='bbox 373 1504 453 1565; x_wconf 90' lang='lat' dir='ltr'><strong>dicto</strong></span> <span class='ocrx_word' id='word_1_122' title='bbox 470 1502 628 1564; x_wconf 79' lang='lat' dir='ltr'><strong>audientes</strong></span> <span class='ocrx_word' id='word_1_123' title='bbox 640 1503 758 1565; x_wconf 86' lang='lat' dir='ltr'><strong>laturos</strong></span> <span class='ocrx_word' id='word_1_124' title='bbox 766 1500 843 1564; x_wconf 72' lang='lat' dir='ltr'><strong>&#39;esse</strong></span> <span class='ocrx_word' id='word_1_125' title='bbox 855 1504 1000 1576; x_wconf 82' lang='lat' dir='ltr'><strong>dicerent,</strong></span> <span class='ocrx_word' id='word_1_126' title='bbox 1010 1519 1081 1565; x_wconf 91' lang='lat' dir='ltr'><strong>cum</strong></span> <span class='ocrx_word' id='word_1_127' title='bbox 1091 1504 1119 1565; x_wconf 88' lang='lat' dir='ltr'><strong>is</strong></span> <span class='ocrx_word' id='word_1_128' title='bbox 1128 1521 1214 1566; x_wconf 89' lang='lat' dir='ltr'><strong>more</strong></span> 
     </span>
     <span class='ocr_line' id='line_1_16' title="bbox 231 1587 1212 1663; baseline 0.001 -15"><span class='ocrx_word' id='word_1_129' title='bbox 231 1590 394 1662; x_wconf 89' lang='lat' dir='ltr'><strong>maiorum,</strong></span> <span class='ocrx_word' id='word_1_130' title='bbox 415 1588 585 1648; x_wconf 91' lang='lat' dir='ltr'><strong>secundum</strong></span> <span class='ocrx_word' id='word_1_131' title='bbox 601 1596 673 1648; x_wconf 91' lang='lat' dir='ltr'><strong>vota</strong></span> <span class='ocrx_word' id='word_1_132' title='bbox 687 1587 717 1646; x_wconf 92' lang='lat' dir='ltr'><strong>in</strong></span> <span class='ocrx_word' id='word_1_133' title='bbox 734 1587 882 1663; x_wconf 86' lang='lat' dir='ltr'><strong>capitolio</strong></span> <span class='ocrx_word' id='word_1_134' title='bbox 897 1589 1212 1663; x_wconf 59' lang='lat' dir='ltr'><strong>nuncupatalictori·</strong></span> 
     </span>
     <span class='ocr_line' id='line_1_17' title="bbox 231 1670 1211 1748; baseline 0.001 -15"><span class='ocrx_word' id='word_1_135' title='bbox 231 1673 289 1733; x_wconf 92' lang='lat' dir='ltr'><strong>bus</strong></span> <span class='ocrx_word' id='word_1_136' title='bbox 304 1672 456 1748; x_wconf 79' lang='lat' dir='ltr'><strong>paludatis</strong></span> <span class='ocrx_word' id='word_1_137' title='bbox 471 1671 627 1746; x_wconf 88' lang='lat' dir='ltr'><strong>proiectus</strong></span> <span class='ocrx_word' id='word_1_138' title='bbox 642 1672 681 1730; x_wconf 90' lang='lat' dir='ltr'><strong>ab</strong></span> <span class='ocrx_word' id='word_1_139' title='bbox 695 1670 771 1731; x_wconf 90' lang='lat' dir='ltr'><strong>urbe</strong></span> <span class='ocrx_word' id='word_1_140' title='bbox 789 1677 880 1742; x_wconf 87' lang='lat' dir='ltr'><strong>esset,</strong></span> <span class='ocrx_word' id='word_1_141' title='bbox 897 1672 1001 1732; x_wconf 79' lang='lat' dir='ltr'><strong>fruens</strong></span> <span class='ocrx_word' id='word_1_142' title='bbox 1015 1671 1061 1732; x_wconf 90' lang='lat' dir='ltr'><strong>ira</strong></span> <span class='ocrx_word' id='word_1_143' title='bbox 1072 1679 1211 1734; x_wconf 90' lang='lat' dir='ltr'><strong>vocatum</strong></span> 
     </span>
    </p>
   </div>
   <div class='ocr_carea' id='block_1_5' title="bbox 231 1754 1313 1832">
    <p class='ocr_par' dir='ltr' id='par_1_5' title="bbox 231 1754 1313 1832">
     <span class='ocr_line' id='line_1_18' title="bbox 231 1754 1313 1832; baseline 0.004 -18"><span class='ocrx_word' id='word_1_144' title='bbox 231 1756 283 1831; x_wconf 93' lang='lat' dir='ltr'><strong>qui</strong></span> <span class='ocrx_word' id='word_1_145' title='bbox 305 1770 361 1829; x_wconf 90' lang='lat' dir='ltr'><strong>pro</strong></span> <span class='ocrx_word' id='word_1_146' title='bbox 383 1760 547 1830; x_wconf 83' lang='lat' dir='ltr'><strong>quaestore</strong></span> <span class='ocrx_word' id='word_1_147' title='bbox 563 1754 666 1814; x_wconf 86' lang='lat' dir='ltr'><strong>Manlii</strong></span> <span class='ocrx_word' id='word_1_148' title='bbox 682 1761 749 1815; x_wconf 87' lang='lat' dir='ltr'><strong>erat</strong></span> <span class='ocrx_word' id='word_1_149' title='bbox 766 1762 890 1816; x_wconf 88' lang='lat' dir='ltr'><strong>catenas</strong></span> <span class='ocrx_word' id='word_1_150' title='bbox 910 1756 1069 1832; x_wconf 83' lang='lat' dir='ltr'><strong>poposcit,</strong></span> <span class='ocrx_word' id='word_1_151' title='bbox 1091 1757 1212 1817; x_wconf 84' lang='lat' dir='ltr'><strong>uinctos</strong></span> <span class='ocrx_word' id='word_1_152' title='bbox 1312 1756 1313 1759; x_wconf 73' lang='grc'>’</span> 
     </span>
    </p>
   </div>
   <div class='ocr_carea' id='block_1_6' title="bbox 229 1838 1212 1999">
    <p class='ocr_par' dir='ltr' id='par_1_6' title="bbox 229 1838 1212 1999">
     <span class='ocr_line' id='line_1_19' title="bbox 230 1838 1212 1914; baseline 0.002 -15"><span class='ocrx_word' id='word_1_153' title='bbox 230 1855 265 1899; x_wconf 92' lang='lat' dir='ltr'><strong>se</strong></span> <span class='ocrx_word' id='word_1_154' title='bbox 284 1839 402 1899; x_wconf 90' lang='lat' dir='ltr'><strong>lunium</strong></span> <span class='ocrx_word' id='word_1_155' title='bbox 424 1838 631 1914; x_wconf 85' lang='lat' dir='ltr'><strong>Manliumque</strong></span> <span class='ocrx_word' id='word_1_156' title='bbox 656 1838 799 1901; x_wconf 86' lang='lat' dir='ltr'><strong>minitans</strong></span> <span class='ocrx_word' id='word_1_157' title='bbox 819 1841 948 1901; x_wconf 83' lang='lat' dir='ltr'><strong>Romam</strong></span> <span class='ocrx_word' id='word_1_158' title='bbox 971 1840 1145 1901; x_wconf 85' lang='lat' dir='ltr'><strong>missurum.</strong></span> <span class='ocrx_word' id='word_1_159' title='bbox 1173 1841 1212 1901; x_wconf 85' lang='lat' dir='ltr'><strong>ab</strong></span> 
     </span>
     <span class='ocr_line' id='line_1_20' title="bbox 229 1923 1211 1999; baseline 0.002 -15"><span class='ocrx_word' id='word_1_160' title='bbox 229 1939 267 1984; x_wconf 92' lang='lat' dir='ltr'><strong>eo</strong></span> <span class='ocrx_word' id='word_1_161' title='bbox 291 1938 416 1999; x_wconf 88' lang='lat' dir='ltr'><strong>quoque</strong></span> <span class='ocrx_word' id='word_1_162' title='bbox 438 1929 574 1998; x_wconf 89' lang='lat' dir='ltr'><strong>spretum</strong></span> <span class='ocrx_word' id='word_1_163' title='bbox 596 1924 733 1984; x_wconf 90' lang='lat' dir='ltr'><strong>consulis</strong></span> <span class='ocrx_word' id='word_1_164' title='bbox 747 1923 906 1999; x_wconf 88' lang='lat' dir='ltr'><strong>imperium</strong></span> <span class='ocrx_word' id='word_1_165' title='bbox 921 1931 984 1994; x_wconf 72' lang='lat' dir='ltr'><strong>est,</strong></span> <span class='ocrx_word' id='word_1_166' title='bbox 1005 1930 1037 1984; x_wconf 89' lang='lat' dir='ltr'><strong>et</strong></span> <span class='ocrx_word' id='word_1_167' title='bbox 1051 1923 1211 1987; x_wconf 90' lang='lat' dir='ltr'><strong>circumlu-</strong></span> 
     </span>
    </p>
   </div>
   <div class='ocr_carea' id='block_1_7' title="bbox 230 2006 1315 2082">
    <p class='ocr_par' dir='ltr' id='par_1_7' title="bbox 230 2006 1315 2082">
     <span class='ocr_line' id='line_1_21' title="bbox 230 2006 1315 2082; baseline -0.001 -14"><span class='ocrx_word' id='word_1_168' title='bbox 230 2023 285 2068; x_wconf 92' lang='lat' dir='ltr'><strong>sus</strong></span> <span class='ocrx_word' id='word_1_169' title='bbox 306 2008 474 2080; x_wconf 89' lang='lat' dir='ltr'><strong>exercitus,</strong></span> <span class='ocrx_word' id='word_1_170' title='bbox 497 2008 604 2067; x_wconf 90' lang='lat' dir='ltr'><strong>lavens</strong></span> <span class='ocrx_word' id='word_1_171' title='bbox 626 2006 842 2082; x_wconf 86' lang='lat' dir='ltr'><strong>imperatorum</strong></span> <span class='ocrx_word' id='word_1_172' title='bbox 860 2022 973 2069; x_wconf 88' lang='lat' dir='ltr'><strong>causae</strong></span> <span class='ocrx_word' id='word_1_173' title='bbox 986 2013 1019 2067; x_wconf 86' lang='lat' dir='ltr'><strong>et</strong></span> <span class='ocrx_word' id='word_1_174' title='bbox 1033 2008 1153 2070; x_wconf 87' lang='lat' dir='ltr'><strong>consuli</strong></span> <span class='ocrx_word' id='word_1_175' title='bbox 1168 2009 1212 2068; x_wconf 92' lang='lat' dir='ltr'><strong>in·</strong></span> <span class='ocrx_word' id='word_1_176' title='bbox 1314 2070 1315 2075; x_wconf 59' lang='grc'>,</span> 
     </span>
    </p>
   </div>
   <div class='ocr_carea' id='block_1_8' title="bbox 228 2090 1211 2335">
    <p class='ocr_par' dir='ltr' id='par_1_8' title="bbox 228 2090 1211 2335">
     <span class='ocr_line' id='line_1_22' title="bbox 230 2090 1211 2167; baseline 0.002 -16"><span class='ocrx_word' id='word_1_177' title='bbox 230 2093 336 2165; x_wconf 89' lang='lat' dir='ltr'><strong>lestus,</strong></span> <span class='ocrx_word' id='word_1_178' title='bbox 351 2091 470 2153; x_wconf 88' lang='lat' dir='ltr'><strong>animos</strong></span> <span class='ocrx_word' id='word_1_179' title='bbox 486 2092 526 2151; x_wconf 91' lang='lat' dir='ltr'><strong>ad</strong></span> <span class='ocrx_word' id='word_1_180' title='bbox 539 2105 602 2151; x_wconf 91' lang='lat' dir='ltr'><strong>non</strong></span> <span class='ocrx_word' id='word_1_181' title='bbox 617 2092 787 2165; x_wconf 89' lang='lat' dir='ltr'><strong>parendum</strong></span> <span class='ocrx_word' id='word_1_182' title='bbox 803 2090 945 2153; x_wconf 88' lang='lat' dir='ltr'><strong>addebat.</strong></span> <span class='ocrx_word' id='word_1_183' title='bbox 974 2098 1130 2167; x_wconf 89' lang='lat' dir='ltr'><strong>postremo</strong></span> <span class='ocrx_word' id='word_1_184' title='bbox 1146 2092 1211 2153; x_wconf 84' lang='lat' dir='ltr'><strong>lati·</strong></span> 
     </span>
     <span class='ocr_line' id='line_1_23' title="bbox 228 2173 1210 2251; baseline 0 -15"><span class='ocrx_word' id='word_1_185' title='bbox 228 2183 318 2251; x_wconf 83' lang='lat' dir='ltr'><strong>gatus</strong></span> <span class='ocrx_word' id='word_1_186' title='bbox 337 2177 445 2237; x_wconf 89' lang='lat' dir='ltr'><strong>consul</strong></span> <span class='ocrx_word' id='word_1_187' title='bbox 459 2182 490 2236; x_wconf 88' lang='lat' dir='ltr'><strong>ct</strong></span> <span class='ocrx_word' id='word_1_188' title='bbox 504 2173 696 2236; x_wconf 88' lang='lat' dir='ltr'><strong>contumeliis</strong></span> <span class='ocrx_word' id='word_1_189' title='bbox 712 2175 902 2251; x_wconf 72' lang='lat' dir='ltr'><strong>singulorum</strong></span> <span class='ocrx_word' id='word_1_190' title='bbox 917 2182 948 2236; x_wconf 92' lang='lat' dir='ltr'><strong>et</strong></span> <span class='ocrx_word' id='word_1_191' title='bbox 961 2173 1158 2237; x_wconf 89' lang='lat' dir='ltr'><strong>multitudinis</strong></span> <span class='ocrx_word' id='word_1_192' title='bbox 1170 2210 1210 2223; x_wconf 94' lang='lat'><em>-</em></span> 
     </span>
     <span class='ocr_line' id='line_1_24' title="bbox 229 2257 1211 2335; baseline -0.003 -12"><span class='ocrx_word' id='word_1_193' title='bbox 229 2276 300 2323; x_wconf 86' lang='lat' dir='ltr'><strong>narn</strong></span> <span class='ocrx_word' id='word_1_194' title='bbox 314 2260 442 2335; x_wconf 87' lang='lat' dir='ltr'><strong>insuper</strong></span> <span class='ocrx_word' id='word_1_195' title='bbox 455 2258 624 2320; x_wconf 89' lang='lat' dir='ltr'><strong>irridebant</strong></span> <span class='ocrx_word' id='word_1_196' title='bbox 633 2293 676 2304; x_wconf 89' lang='lat'>—</span> <span class='ocrx_word' id='word_1_197' title='bbox 685 2257 841 2334; x_wconf 92' lang='lat' dir='ltr'><strong>ludibriis,</strong></span> <span class='ocrx_word' id='word_1_198' title='bbox 862 2274 942 2319; x_wconf 86' lang='lat' dir='ltr'><strong>nave</strong></span> <span class='ocrx_word' id='word_1_199' title='bbox 956 2259 1065 2320; x_wconf 89' lang='lat' dir='ltr'><strong>eadem</strong></span> <span class='ocrx_word' id='word_1_200' title='bbox 1081 2275 1143 2335; x_wconf 90' lang='lat' dir='ltr'><strong>qua</strong></span> <span class='ocrx_word' id='word_1_201' title='bbox 1159 2275 1211 2320; x_wconf 91' lang='lat' dir='ltr'><strong>ve·</strong></span> 
     </span>
    </p>
   </div>
   <div class='ocr_carea' id='block_1_9' title="bbox 229 2342 1315 2420">
    <p class='ocr_par' dir='ltr' id='par_1_9' title="bbox 229 2342 1315 2420">
     <span class='ocr_line' id='line_1_25' title="bbox 229 2342 1315 2420; baseline 0.001 -17"><span class='ocrx_word' id='word_1_202' title='bbox 229 2352 315 2406; x_wconf 91' lang='lat' dir='ltr'><strong>nerat</strong></span> <span class='ocrx_word' id='word_1_203' title='bbox 328 2345 501 2420; x_wconf 85' lang='lat' dir='ltr'><strong>Aquileiam</strong></span> <span class='ocrx_word' id='word_1_204' title='bbox 520 2343 608 2405; x_wconf 90' lang='lat' dir='ltr'><strong>redit.</strong></span> <span class='ocrx_word' id='word_1_205' title='bbox 640 2343 712 2404; x_wconf 92' lang='lat' dir='ltr'><strong>inde</strong></span> <span class='ocrx_word' id='word_1_206' title='bbox 727 2344 864 2419; x_wconf 83' lang='lat' dir='ltr'><strong>collegae</strong></span> <span class='ocrx_word' id='word_1_207' title='bbox 878 2343 1016 2419; x_wconf 87' lang='lat' dir='ltr'><strong>scripsit,</strong></span> <span class='ocrx_word' id='word_1_208' title='bbox 1038 2351 1072 2404; x_wconf 92' lang='lat' dir='ltr'><strong>ut</strong></span> <span class='ocrx_word' id='word_1_209' title='bbox 1085 2342 1212 2405; x_wconf 89' lang='lat' dir='ltr'><strong>militum</strong></span> <span class='ocrx_word' id='word_1_210' title='bbox 1314 2348 1315 2359; x_wconf 57' lang='lat'>³</span> 
     </span>
    </p>
   </div>
   <div class='ocr_carea' id='block_1_10' title="bbox 228 2422 1211 2587">
    <p class='ocr_par' dir='ltr' id='par_1_10' title="bbox 228 2422 1211 2587">
     <span class='ocr_line' id='line_1_26' title="bbox 228 2422 1211 2503; baseline 0 -15"><span class='ocrx_word' id='word_1_211' title='bbox 228 2444 379 2489; x_wconf 90' lang='lat' dir='ltr'><strong>novorum</strong></span> <span class='ocrx_word' id='word_1_212' title='bbox 397 2429 425 2488; x_wconf 93' lang='lat' dir='ltr'><strong>ei</strong></span> <span class='ocrx_word' id='word_1_213' title='bbox 447 2427 537 2502; x_wconf 89' lang='lat' dir='ltr'><strong>parti,</strong></span> <span class='ocrx_word' id='word_1_214' title='bbox 566 2442 646 2503; x_wconf 90' lang='lat' dir='ltr'><strong>quae</strong></span> <span class='ocrx_word' id='word_1_215' title='bbox 668 2422 783 2502; x_wconf 81' lang='lat' dir='ltr'><strong>scriptu</strong></span> <span class='ocrx_word' id='word_1_216' title='bbox 803 2428 834 2487; x_wconf 91' lang='lat' dir='ltr'><strong>in</strong></span> <span class='ocrx_word' id='word_1_217' title='bbox 856 2427 997 2489; x_wconf 88' lang='lat' dir='ltr'><strong>Histriam</strong></span> <span class='ocrx_word' id='word_1_218' title='bbox 1023 2427 1211 2503; x_wconf 87' lang='lat' dir='ltr'><strong>provinciam</strong></span> 
     </span>
     <span class='ocr_line' id='line_1_27' title="bbox 229 2508 1211 2587; baseline 0 -16"><span class='ocrx_word' id='word_1_219' title='bbox 229 2519 321 2584; x_wconf 89' lang='lat' dir='ltr'><strong>esset,</strong></span> <span class='ocrx_word' id='word_1_220' title='bbox 334 2511 469 2570; x_wconf 85' lang='lat' dir='ltr'><strong>ediceret</strong></span> <span class='ocrx_word' id='word_1_221' title='bbox 480 2508 652 2585; x_wconf 77' lang='lat' dir='ltr'><strong>Aquileiam</strong></span> <span class='ocrx_word' id='word_1_222' title='bbox 668 2518 701 2571; x_wconf 93' lang='lat' dir='ltr'><strong>ut</strong></span> <span class='ocrx_word' id='word_1_223' title='bbox 712 2512 896 2587; x_wconf 88' lang='lat' dir='ltr'><strong>conveniret,</strong></span> <span class='ocrx_word' id='word_1_224' title='bbox 912 2527 951 2572; x_wconf 92' lang='lat' dir='ltr'><strong>ne</strong></span> <span class='ocrx_word' id='word_1_225' title='bbox 963 2509 1036 2587; x_wconf 89' lang='lat' dir='ltr'><strong>quid</strong></span> <span class='ocrx_word' id='word_1_226' title='bbox 1048 2527 1083 2573; x_wconf 89' lang='lat' dir='ltr'><strong>se</strong></span> <span class='ocrx_word' id='word_1_227' title='bbox 1095 2511 1211 2572; x_wconf 83' lang='lat' dir='ltr'><strong>Romae</strong></span> 
     </span>
    </p>
   </div>
   <div class='ocr_carea' id='block_1_11' title="bbox 228 2592 1313 2671">
    <p class='ocr_par' dir='ltr' id='par_1_11' title="bbox 228 2592 1313 2671">
     <span class='ocr_line' id='line_1_28' title="bbox 228 2592 1313 2671; baseline 0.001 -17"><span class='ocrx_word' id='word_1_228' title='bbox 228 2600 358 2663; x_wconf 88' lang='lat' dir='ltr'><strong>teneret,</strong></span> <span class='ocrx_word' id='word_1_229' title='bbox 384 2609 446 2668; x_wconf 91' lang='lat' dir='ltr'><strong>quo</strong></span> <span class='ocrx_word' id='word_1_230' title='bbox 470 2592 568 2653; x_wconf 88' lang='lat' dir='ltr'><strong>minus</strong></span> <span class='ocrx_word' id='word_1_231' title='bbox 591 2594 671 2654; x_wconf 92' lang='lat' dir='ltr'><strong>votis</strong></span> <span class='ocrx_word' id='word_1_232' title='bbox 695 2595 878 2670; x_wconf 89' lang='lat' dir='ltr'><strong>nuncupatis</strong></span> <span class='ocrx_word' id='word_1_233' title='bbox 900 2596 1062 2671; x_wconf 89' lang='lat' dir='ltr'><strong>paludatus</strong></span> <span class='ocrx_word' id='word_1_234' title='bbox 1080 2594 1119 2655; x_wconf 86' lang='lat' dir='ltr'><strong>ab</strong></span> <span class='ocrx_word' id='word_1_235' title='bbox 1134 2596 1211 2656; x_wconf 91' lang='lat' dir='ltr'><strong>urbe</strong></span> <span class='ocrx_word' id='word_1_236' title='bbox 1312 2614 1313 2619; x_wconf 46' lang='lat'>¹</span> 
     </span>
    </p>
   </div>
   <div class='ocr_carea' id='block_1_12' title="bbox 226 2675 1210 3259">
    <p class='ocr_par' dir='ltr' id='par_1_12' title="bbox 226 2675 1210 3259">
     <span class='ocr_line' id='line_1_29' title="bbox 227 2675 1210 2756; baseline 0.004 -20"><span class='ocrx_word' id='word_1_237' title='bbox 227 2678 334 2736; x_wconf 85' lang='lat' dir='ltr'><strong>exiret.</strong></span> <span class='ocrx_word' id='word_1_238' title='bbox 362 2675 439 2736; x_wconf 88' lang='lat' dir='ltr'><strong>haec</strong></span> <span class='ocrx_word' id='word_1_239' title='bbox 461 2677 597 2751; x_wconf 74' lang='lat' dir='ltr'><strong>collegae</strong></span> <span class='ocrx_word' id='word_1_240' title='bbox 618 2676 825 2753; x_wconf 88' lang='lat' dir='ltr'><strong>obsequenter</strong></span> <span class='ocrx_word' id='word_1_241' title='bbox 846 2678 939 2753; x_wconf 86' lang='lat' dir='ltr'><strong>iacta,</strong></span> <span class='ocrx_word' id='word_1_242' title='bbox 960 2679 1127 2756; x_wconf 86' lang='lat' dir='ltr'><strong>brevisque</strong></span> <span class='ocrx_word' id='word_1_243' title='bbox 1143 2679 1210 2740; x_wconf 92' lang='lat' dir='ltr'><strong>dies</strong></span> 
     </span>
     <span class='ocr_line' id='line_1_30' title="bbox 227 2758 1209 2838; baseline 0.005 -19"><span class='ocrx_word' id='word_1_244' title='bbox 227 2761 267 2820; x_wconf 90' lang='lat' dir='ltr'><strong>ad</strong></span> <span class='ocrx_word' id='word_1_245' title='bbox 283 2758 529 2820; x_wconf 89' lang='lat' dir='ltr'><strong>conveniendum</strong></span> <span class='ocrx_word' id='word_1_246' title='bbox 550 2760 650 2822; x_wconf 89' lang='lat' dir='ltr'><strong>edicta</strong></span> <span class='ocrx_word' id='word_1_247' title='bbox 665 2769 721 2822; x_wconf 91' lang='lat' dir='ltr'><strong>est.</strong></span> <span class='ocrx_word' id='word_1_248' title='bbox 749 2760 894 2823; x_wconf 82' lang='lat' dir='ltr'><strong>Claudius</strong></span> <span class='ocrx_word' id='word_1_249' title='bbox 909 2778 1007 2838; x_wconf 91' lang='lat' dir='ltr'><strong>prope</strong></span> <span class='ocrx_word' id='word_1_250' title='bbox 1023 2770 1209 2826; x_wconf 87' lang='lat' dir='ltr'><strong>consecutus</strong></span> 
     </span>
     <span class='ocr_line' id='line_1_31' title="bbox 227 2843 1209 2909; baseline 0.006 -7"><span class='ocrx_word' id='word_1_251' title='bbox 227 2851 275 2903; x_wconf 88' lang='lat' dir='ltr'><strong>est</strong></span> <span class='ocrx_word' id='word_1_252' title='bbox 296 2843 411 2905; x_wconf 89' lang='lat' dir='ltr'><strong>litteras</strong></span> <span class='ocrx_word' id='word_1_253' title='bbox 432 2860 517 2905; x_wconf 88' lang='lat' dir='ltr'><strong>suas.</strong></span> <span class='ocrx_word' id='word_1_254' title='bbox 548 2845 691 2907; x_wconf 88' lang='lat' dir='ltr'><strong>contione</strong></span> <span class='ocrx_word' id='word_1_255' title='bbox 711 2845 879 2907; x_wconf 86' lang='lat' dir='ltr'><strong>adveniens</strong></span> <span class='ocrx_word' id='word_1_256' title='bbox 899 2847 939 2907; x_wconf 93' lang='lat' dir='ltr'><strong>de</strong></span> <span class='ocrx_word' id='word_1_257' title='bbox 949 2846 1062 2908; x_wconf 88' lang='lat' dir='ltr'><strong>Manlio</strong></span> <span class='ocrx_word' id='word_1_258' title='bbox 1078 2854 1109 2909; x_wconf 89' lang='lat' dir='ltr'><strong>et</strong></span> <span class='ocrx_word' id='word_1_259' title='bbox 1123 2845 1209 2908; x_wconf 92' lang='lat' dir='ltr'><strong>lunio</strong></span> 
     </span>
     <span class='ocr_line' id='line_1_32' title="bbox 227 2926 1208 3005; baseline 0.008 -19"><span class='ocrx_word' id='word_1_260' title='bbox 227 2926 337 3001; x_wconf 72' lang='lat' dir='ltr'><strong>habita,</strong></span> <span class='ocrx_word' id='word_1_261' title='bbox 352 2943 414 2989; x_wconf 91' lang='lat' dir='ltr'><strong>non</strong></span> <span class='ocrx_word' id='word_1_262' title='bbox 429 2930 508 2991; x_wconf 89' lang='lat' dir='ltr'><strong>ultra</strong></span> <span class='ocrx_word' id='word_1_263' title='bbox 522 2929 654 2991; x_wconf 89' lang='lat' dir='ltr'><strong>triduum</strong></span> <span class='ocrx_word' id='word_1_264' title='bbox 667 2938 804 2991; x_wconf 89' lang='lat' dir='ltr'><strong>moratus</strong></span> <span class='ocrx_word' id='word_1_265' title='bbox 819 2929 943 3003; x_wconf 88' lang='lat' dir='ltr'><strong>Romae,</strong></span> <span class='ocrx_word' id='word_1_266' title='bbox 957 2932 1109 3005; x_wconf 85' lang='lat' dir='ltr'><strong>paludatis</strong></span> <span class='ocrx_word' id='word_1_267' title='bbox 1124 2930 1208 2993; x_wconf 89' lang='lat' dir='ltr'><strong>licto·</strong></span> 
     </span>
     <span class='ocr_line' id='line_1_33' title="bbox 226 3010 1209 3090; baseline 0.008 -22"><span class='ocrx_word' id='word_1_268' title='bbox 226 3010 320 3083; x_wconf 87' lang='lat' dir='ltr'><strong>ribus,</strong></span> <span class='ocrx_word' id='word_1_269' title='bbox 337 3013 480 3088; x_wconf 87' lang='lat' dir='ltr'><strong>votisque</strong></span> <span class='ocrx_word' id='word_1_270' title='bbox 494 3011 525 3073; x_wconf 95' lang='lat' dir='ltr'><strong>in</strong></span> <span class='ocrx_word' id='word_1_271' title='bbox 537 3013 686 3090; x_wconf 82' lang='lat' dir='ltr'><strong>Capitolio</strong></span> <span class='ocrx_word' id='word_1_272' title='bbox 702 3014 896 3088; x_wconf 91' lang='lat' dir='ltr'><strong>nuncupatis,</strong></span> <span class='ocrx_word' id='word_1_273' title='bbox 913 3014 942 3074; x_wconf 90' lang='lat' dir='ltr'><strong>in</strong></span> <span class='ocrx_word' id='word_1_274' title='bbox 954 3015 1143 3089; x_wconf 89' lang='lat' dir='ltr'><strong>provinciam</strong></span> <span class='ocrx_word' id='word_1_275' title='bbox 1158 3031 1209 3076; x_wconf 89' lang='lat' dir='ltr'><strong>aa·</strong></span> 
     </span>
     <span class='ocr_line' id='line_1_34' title="bbox 227 3097 1209 3173; baseline 0.004 -20"><span class='ocrx_word' id='word_1_276' title='bbox 227 3110 288 3170; x_wconf 87' lang='lat' dir='ltr'><strong>quc</strong></span> <span class='ocrx_word' id='word_1_277' title='bbox 308 3109 345 3155; x_wconf 89' lang='lat' dir='ltr'><strong>ac</strong></span> <span class='ocrx_word' id='word_1_278' title='bbox 366 3097 452 3171; x_wconf 89' lang='lat' dir='ltr'><strong>prius</strong></span> <span class='ocrx_word' id='word_1_279' title='bbox 473 3097 630 3172; x_wconf 86' lang='lat' dir='ltr'><strong>praecipiti</strong></span> <span class='ocrx_word' id='word_1_280' title='bbox 652 3097 806 3159; x_wconf 87' lang='lat' dir='ltr'><strong>celeritate</strong></span> <span class='ocrx_word' id='word_1_281' title='bbox 825 3098 896 3159; x_wconf 88' lang='lat' dir='ltr'><strong>abit.</strong></span> <span class='ocrx_word' id='word_1_282' title='bbox 931 3097 981 3158; x_wconf 88' lang='lat' dir='ltr'><strong>Xl.</strong></span> <span class='ocrx_word' id='word_1_283' title='bbox 1007 3097 1115 3173; x_wconf 88' lang='lat' dir='ltr'><strong>paucis</strong></span> <span class='ocrx_word' id='word_1_284' title='bbox 1138 3104 1209 3158; x_wconf 89' lang='lat' dir='ltr'><strong>ante</strong></span> 
     </span>
     <span class='ocr_line' id='line_1_35' title="bbox 227 3176 1208 3259; baseline 0.005 -21"><span class='ocrx_word' id='word_1_285' title='bbox 227 3176 335 3238; x_wconf 88' lang='lat' dir='ltr'><strong>diebus</strong></span> <span class='ocrx_word' id='word_1_286' title='bbox 360 3179 465 3240; x_wconf 93' lang='lat' dir='ltr'><strong>lunius</strong></span> <span class='ocrx_word' id='word_1_287' title='bbox 486 3180 681 3257; x_wconf 84' lang='lat' dir='ltr'><strong>Manliusque</strong></span> <span class='ocrx_word' id='word_1_288' title='bbox 707 3182 852 3258; x_wconf 90' lang='lat' dir='ltr'><strong>oppidum</strong></span> <span class='ocrx_word' id='word_1_289' title='bbox 874 3181 1063 3258; x_wconf 88' lang='lat' dir='ltr'><strong>Nesactium,</strong></span> <span class='ocrx_word' id='word_1_290' title='bbox 1088 3199 1149 3259; x_wconf 94' lang='lat' dir='ltr'><strong>quo</strong></span> <span class='ocrx_word' id='word_1_291' title='bbox 1172 3198 1208 3243; x_wconf 90' lang='lat' dir='ltr'><strong>se</strong></span> 
     </span>
    </p>
   </div>
   <div class='ocr_carea' id='block_1_13' title="bbox 226 3262 1315 3342">
    <p class='ocr_par' dir='ltr' id='par_1_13' title="bbox 226 3262 1315 3342">
     <span class='ocr_line' id='line_1_36' title="bbox 226 3262 1315 3342; baseline 0.006 -21"><span class='ocrx_word' id='word_1_292' title='bbox 226 3262 382 3337; x_wconf 88' lang='lat' dir='ltr'><strong>principes</strong></span> <span class='ocrx_word' id='word_1_293' title='bbox 401 3262 573 3326; x_wconf 88' lang='lat' dir='ltr'><strong>Histrorum</strong></span> <span class='ocrx_word' id='word_1_294' title='bbox 598 3273 628 3325; x_wconf 90' lang='lat' dir='ltr'><strong>et</strong></span> <span class='ocrx_word' id='word_1_295' title='bbox 652 3265 778 3339; x_wconf 75' lang='lat' dir='ltr'><strong>regulm</strong></span> <span class='ocrx_word' id='word_1_296' title='bbox 803 3265 871 3340; x_wconf 90' lang='lat' dir='ltr'><strong>ipse</strong></span> <span class='ocrx_word' id='word_1_297' title='bbox 891 3266 1013 3341; x_wconf 86' lang='lat' dir='ltr'><strong>Aepulo</strong></span> <span class='ocrx_word' id='word_1_298' title='bbox 1038 3275 1207 3342; x_wconf 86' lang='lat' dir='ltr'><strong>receperat,</strong></span> <span class='ocrx_word' id='word_1_299' title='bbox 1314 3280 1315 3293; x_wconf 60' lang='lat'>¹</span> 
     </span>
    </p>
   </div>
   <div class='ocr_carea' id='block_1_14' title="bbox 225 3346 1207 3508">
    <p class='ocr_par' dir='ltr' id='par_1_14' title="bbox 225 3346 1207 3508">
     <span class='ocr_line' id='line_1_37' title="bbox 226 3346 1207 3423; baseline 0.004 -16"><span class='ocrx_word' id='word_1_300' title='bbox 226 3362 346 3408; x_wconf 88' lang='lat' dir='ltr'><strong>summa</strong></span> <span class='ocrx_word' id='word_1_301' title='bbox 361 3346 393 3406; x_wconf 89' lang='lat' dir='ltr'><strong>vi</strong></span> <span class='ocrx_word' id='word_1_302' title='bbox 409 3363 591 3423; x_wconf 81' lang='lat' dir='ltr'><strong>oppugnare</strong></span> <span class='ocrx_word' id='word_1_303' title='bbox 611 3356 787 3423; x_wconf 87' lang='lat' dir='ltr'><strong>coeperant.</strong></span> <span class='ocrx_word' id='word_1_304' title='bbox 816 3363 853 3410; x_wconf 88' lang='lat' dir='ltr'><strong>eo</strong></span> <span class='ocrx_word' id='word_1_305' title='bbox 869 3348 1013 3411; x_wconf 83' lang='lat' dir='ltr'><strong>Claudius</strong></span> <span class='ocrx_word' id='word_1_306' title='bbox 1028 3349 1149 3411; x_wconf 86' lang='lat' dir='ltr'><strong>duabus</strong></span> <span class='ocrx_word' id='word_1_307' title='bbox 1165 3351 1207 3411; x_wconf 88' lang='lat' dir='ltr'><strong>le-</strong></span> 
     </span>
     <span class='ocr_line' id='line_1_38' title="bbox 225 3429 1207 3508; baseline 0.004 -16"><span class='ocrx_word' id='word_1_308' title='bbox 225 3429 369 3505; x_wconf 73' lang='lat' dir='ltr'><strong>gionibus</strong></span> <span class='ocrx_word' id='word_1_309' title='bbox 384 3432 473 3494; x_wconf 90' lang='lat' dir='ltr'><strong>novis</strong></span> <span class='ocrx_word' id='word_1_310' title='bbox 488 3431 638 3508; x_wconf 86' lang='lat' dir='ltr'><strong>adductis,</strong></span> <span class='ocrx_word' id='word_1_311' title='bbox 653 3440 757 3494; x_wconf 88' lang='lat' dir='ltr'><strong>vetere</strong></span> <span class='ocrx_word' id='word_1_312' title='bbox 767 3433 904 3496; x_wconf 78' lang='lat' dir='ltr'><strong>exercitu</strong></span> <span class='ocrx_word' id='word_1_313' title='bbox 914 3449 984 3494; x_wconf 90' lang='lat' dir='ltr'><strong>cum</strong></span> <span class='ocrx_word' id='word_1_314' title='bbox 997 3433 1064 3496; x_wconf 90' lang='lat' dir='ltr'><strong>suis</strong></span> <span class='ocrx_word' id='word_1_315' title='bbox 1076 3433 1207 3496; x_wconf 85' lang='lat' dir='ltr'><strong>ducibus</strong></span> 
     </span>
    </p>
   </div>
   <div class='ocr_carea' id='block_1_15' title="bbox 225 3513 1207 3594">
    <p class='ocr_par' dir='ltr' id='par_1_15' title="bbox 225 3513 1207 3594">
     <span class='ocr_line' id='line_1_39' title="bbox 225 3513 1207 3594; baseline 0.004 -20"><span class='ocrx_word' id='word_1_316' title='bbox 225 3513 369 3587; x_wconf 89' lang='lat' dir='ltr'><strong>dimisso,</strong></span> <span class='ocrx_word' id='word_1_317' title='bbox 391 3515 461 3594; x_wconf 87' lang='lat' dir='ltr'><strong>ipse</strong></span> <span class='ocrx_word' id='word_1_318' title='bbox 480 3517 627 3593; x_wconf 90' lang='lat' dir='ltr'><strong>oppidum</strong></span> <span class='ocrx_word' id='word_1_319' title='bbox 648 3516 846 3579; x_wconf 88' lang='lat' dir='ltr'><strong>circumsedit</strong></span> <span class='ocrx_word' id='word_1_320' title='bbox 865 3523 897 3578; x_wconf 88' lang='lat' dir='ltr'><strong>et</strong></span> <span class='ocrx_word' id='word_1_321' title='bbox 911 3516 1008 3579; x_wconf 87' lang='lat' dir='ltr'><strong>vineis</strong></span> <span class='ocrx_word' id='word_1_322' title='bbox 1023 3532 1207 3593; x_wconf 79' lang='lat' dir='ltr'><strong>oppugnare</strong></span> 
     </span>
    </p>
   </div>
   <div class='ocr_carea' id='block_1_16' title="bbox 0 0 1326 4017">
    <p class='ocr_par' dir='ltr' id='par_1_16' title="bbox 0 0 1326 4017">
     <span class='ocr_line' id='line_1_40' title="bbox 0 0 1326 4017; baseline 0 2"><span class='ocrx_word' id='word_1_323' title='bbox 0 0 1326 4017; x_wconf 95' lang='lat' dir='ltr'><strong> </strong></span> 
     </span>
    </p>
   </div>
  </div>
 </body>
</html>
