2642 4017
236 253 300 317 256
413 250 531 311 LlBER
544 249 635 311 XLV.
657 246 740 309 CAP.
755 254 783 309 b·
793 255 820 310 l.
840 247 878 324 [o.
891 250 925 306 U.
937 267 961 305 e.
973 247 1037 326 684]

235 420 341 481 regem
351 410 483 479 captum,
494 399 525 462 in
536 399 657 462 dicione
668 399 776 476 populi
785 399 916 461 Romani
928 406 961 460 et
969 398 1125 477 Illyricum
1136 414 1218 461 esse

237 488 347 551 abeas
360 501 422 560 res,
436 492 542 561 gestas
555 485 650 545 ducta
668 482 871 559 auspicioque
892 482 927 544 L.
947 482 1048 544 Anicii
1058 485 1220 559 praetoris,

237 578 363 634 senatus
386 562 424 630 lu
448 566 581 629 triduum
605 565 847 643 supplicationes
870 566 1015 627 decrevit
1050 567 1163 629 dilatae
1190 575 1221 630 et

237 655 356 717 edictae
370 669 390 714 a
403 652 530 713 consule
544 657 616 712 sunt
631 650 664 710 in
678 655 748 711 ante
763 657 902 725 quartum
921 657 952 711 et
971 648 1094 711 tertium
1113 656 1144 711 et
1157 651 1219 727 pri·

237 738 288 800 die
301 737 373 799 idus
387 735 588 797 Novembres.

320 819 487 882 'ibadidere
499 815 906 894 quidamlegatosllbodios,
917 815 1054 876 nondum
1061 816 1217 891 dimissos,

237 912 310 982 post
322 902 481 964 victoriam
494 901 661 962 nuntiatam
675 901 758 961 velut
777 899 818 960 ad
830 899 995 961 ludibrium
1016 899 1146 961 stolidae
1166 918 1218 962 su·

236 987 362 1064 perbiae
376 986 408 1046 in
422 991 562 1046 senatum
575 989 705 1047 uocatos
719 997 801 1044 esse
822 982 864 1043 ibi
874 983 1037 1059 Agepolim
1049 983 1219 1060 principem

237 1085 344 1131 eorum
363 1068 405 1129 ita
424 1068 573 1129 locutnmz
601 1067 716 1128 missos
736 1081 808 1129 esse
830 1067 950 1142 legatos
970 1065 1010 1127 ab
1029 1065 1159 1128 Rhodiis
1178 1069 1219 1129 ad

237 1166 346 1229 pacem
359 1151 438 1213 inter
449 1150 606 1214 Romanos
621 1156 652 1211 et
664 1149 778 1210 Persea
792 1149 977 1224 laciendum,
1000 1150 1084 1226 quod
1103 1150 1136 1210 id
1154 1151 1218 1212 bel-

236 1237 298 1298 lum
312 1249 407 1312 grave
420 1240 514 1311 etque
527 1233 756 1296 incommodum
774 1233 921 1294 Graeciae
941 1233 1037 1309 omni,
1059 1242 1218 1310 sumptuo-

237 1334 306 1380 sum
320 1334 357 1380 ac
368 1320 549 1380 damnosum
559 1315 638 1393 ipsis
648 1316 796 1378 Romanis
807 1324 900 1379 esset.
920 1317 1070 1379 lortunam
1082 1318 1220 1393 perbene

237 1402 360 1476 iecisse,
376 1402 500 1479 quando
515 1399 601 1464 finito
616 1401 703 1461 aliter
715 1398 797 1461 bello
810 1400 982 1475 gratulandi
996 1399 1055 1461 sibi
1071 1402 1112 1461 de
1122 1401 1218 1463 victo-

236 1486 282 1547 ria
302 1485 427 1567 egregia
444 1484 591 1548 Romanis
611 1484 870 1561 opportunitatem
896 1484 1043 1546 dedisset.
1079 1483 1157 1546 haec
1179 1486 1219 1546 ab

236 1569 359 1632 Rhodio
385 1570 475 1632 dicta.
510 1583 697 1645 responsum
721 1568 760 1629 ab
781 1574 890 1629 senatu
908 1583 980 1628 esse
1001 1567 1139 1629 Rhodios
1160 1584 1219 1630 nec

236 1650 406 1714 udbmtium
421 1653 568 1714 Graeciae
581 1668 684 1730 neque
702 1667 778 1712 cura
797 1651 1005 1726 impensarum
1027 1652 1135 1727 populi
1155 1652 1219 1715 Ro·

237 1734 328 1810 mani,
343 1735 400 1797 sed
416 1752 472 1812 pro
486 1735 601 1798 Perseo
615 1736 799 1811 legationem
812 1750 881 1795 eam
894 1733 1026 1796 misisse.
1054 1751 1125 1796 nam
1139 1735 1166 1797 si
1181 1751 1219 1796 ea

237 1817 347 1881 luisset
373 1833 561 1894 canaonas
589 1820 797 1890 simularetur,
824 1824 887 1880 tum
911 1818 1074 1882 mittendos
1099 1820 1219 1894 legatos

237 1898 349 1977 luisse,
372 1917 441 1963 eum
459 1901 591 1964 Perseus
611 1904 642 1964 in
660 1902 850 1964 Thessaliam
871 1903 1009 1964 exercitu
1021 1903 1146 1963 inducto
1162 1920 1219 1979 per

236 1984 393 2047 biennium
400 1985 533 2048 Graecas
544 1987 638 2048 urbes
650 1986 727 2046 alias
740 1985 905 2060 obsideret,
917 1985 993 2046 alias
1001 1986 1220 2048 denuntiatone

236 2086 389 2133 armorum
402 2078 544 2132 terreret:
572 2078 635 2132 tum
656 2070 770 2130 nullam
790 2070 879 2145 pacis
893 2068 932 2129 ab
945 2069 1075 2131 Rhodiis
1089 2070 1219 2133 mentio·

239 2164 306 2216 bern
320 2156 440 2217 iactam.
473 2162 638 2231 postquam
652 2159 815 2229 superatos
829 2155 926 2214 saltus
939 2158 1220 2230 transgressosque

234 2239 266 2297 in
291 2237 501 2300 Macedoniam
525 2239 682 2299 Romanos
708 2236 860 2299 audierint
883 2244 914 2297 et
937 2236 1089 2299 inclusum
1122 2237 1219 2299 teneri

235 2319 358 2397 Persea,
373 2329 445 2383 tunc
462 2321 604 2384 Rhodios
625 2319 809 2396 legationem
824 2318 961 2395 misisse,
983 2337 1044 2381 non
1065 2321 1105 2381 ad
1125 2322 1220 2382 ullam

236 2403 327 2465 aliam
340 2421 405 2465 rem
420 2421 511 2481 quam
526 2405 566 2464 ad
579 2403 694 2465 Persea
707 2420 747 2464 ex
760 2403 927 2465 imminenti
938 2403 1076 2480 periculo
1087 2405 1219 2481 eripien-

238 2488 318 2548 dum.
352 2503 422 2548 cum
437 2487 496 2548 hoc
510 2502 666 2562 responso
680 2487 799 2561 legatos
814 2487 970 2549 dimissos.

319 2571 372 2630 lv.
394 2569 452 2629 Per
465 2568 594 2629 eosdem
615 2567 683 2629 dies
703 2575 735 2629 et
752 2569 793 2629 Μ.
815 2571 977 2631 Marcellus
998 2587 1037 2631 ex
1058 2572 1220 2648 provincia

235 2651 385 2726 Hispania
413 2651 568 2712 decedens
593 2649 760 2713 Marcolica
784 2655 879 2716 nobili
903 2655 979 2716 urbe
1000 2662 1090 2732 capta
1110 2656 1219 2716 decem

235 2734 339 2810 pondo
354 2733 420 2795 auri
445 2735 604 2810 clangenti
623 2736 664 2795 ad
684 2751 834 2798 summam
848 2738 1021 2800 sestertium
1035 2739 1160 2800 deciens
1186 2739 1216 2801 iu

236 2816 386 2879 aerarium
399 2817 520 2880 rettulit

318 2900 431 2965 Paulus
446 2902 594 2965 Aemilius
610 2904 719 2966 consul
734 2920 803 2966 cum
818 2913 933 2980 casua,
947 2913 1089 2981 utsupra
1103 2905 1218 2966 dictum

235 2991 298 3057 est,
320 2987 360 3048 ad
381 2985 466 3048 Sinas
487 2994 587 3048 terrae
609 2987 827 3049 Odomanticae
846 2987 982 3064 haberet,
1002 2996 1034 3050 et
1046 2989 1160 3051 litteras
1177 2988 1217 3048 ab

234 3083 308 3144 rege
328 3069 441 3132 Perseo
465 3087 521 3147 per
540 3071 691 3148 ignobiles
710 3077 774 3132 tres
793 3072 913 3148 legatos
926 3078 1080 3154 cerneret,
1104 3073 1217 3147 etipse

234 3152 434 3217 illacrimasse
454 3155 564 3217 dicitur
585 3155 661 3217 sorti
681 3154 848 3229 humanae,
870 3157 955 3232 quod
971 3156 1023 3234 qui
1038 3158 1130 3232 paulo
1145 3165 1217 3217 aute

234 3253 297 3299 non
321 3245 482 3302 contentus
506 3255 602 3316 reguo
626 3238 828 3301 Macedoniae
847 3240 1009 3302 Dardanos
1029 3237 1218 3319 lllyriosque

234 3332 455 3399 oppugnasset,
467 3322 1092 3399 Bastarnarumexcivissetauxiliaistum
1099 3322 1216 3386 amisso

234 3405 385 3481 exercitu,
407 3405 539 3468 extorris
559 3420 672 3479 regno,
692 3405 723 3466 in
737 3421 864 3481 parvam
879 3406 1010 3468 insulam
1025 3407 1217 3484 compulsus,

234 3491 377 3565 supplex,
393 3492 455 3550 iani
469 3488 626 3562 religione,
641 3503 704 3548 nou
720 3488 836 3550 viribus
851 3490 917 3552 suis
931 3496 1014 3552 tutus
1028 3496 1123 3552 esset
1157 3490 1217 3552 sed
