2642 4017
246 254 361 315 LIBER
374 254 449 316 XLI.
473 254 555 316 CAP.
571 264 613 319 18.
623 265 667 320 19.
690 263 727 332 [a.
739 262 773 317 U.
786 281 810 316 c.
822 267 882 324 uri.
895 283 920 319 a.
931 266 963 321 C.
979 268 1041 336 175]
1071 259 1133 326 119

151 411 280 488 impigre
295 409 491 470 succedebat.
523 410 647 470 alteram
661 408 769 471 hostes
786 425 853 471 cum
868 413 1086 489 propulissent,
1102 425 1136 477 ut
1164 476 1171 491 ,

149 493 324 556 restitueret
345 507 412 553 rem
433 490 622 567 inclinatam,
649 495 759 555 consul
787 509 868 570 equo
889 496 1037 559 advectus
1058 515 1134 561 suos

151 577 276 655 quidem
290 595 310 638 a
324 578 397 652 tuga
415 577 588 651 revocavit,
608 578 678 652 ipse
699 578 774 639 diam
792 578 944 641 incautius
962 588 1034 641 ante
1047 582 1136 659 signa

151 664 350 734 obversatur,
376 660 484 720 missili
502 659 649 723 traiectus
670 662 790 723 cecidit
822 679 881 724 nec
903 663 1011 725 hostes
1026 665 1135 728 ducem

150 746 287 807 occiana
303 752 481 818 senserunt,
502 750 534 805 et
546 760 673 806 suarum
687 746 795 822 pauci,
818 747 870 822 qui
884 747 1038 823 viderant,
1052 749 1136 812 haud

149 830 362 906 neglegenter,
381 835 415 889 ut
430 827 527 904 quiin
543 843 580 889 eo
602 829 759 890 victoriam
780 831 856 892 verti
872 833 999 905 scient,
1022 848 1136 910 corpus

152 916 357 976 occultavere.
380 911 440 973 alia
453 911 613 974 multitudo
629 914 766 988 peditum
778 915 979 991 equitumque
993 915 1136 979 deturba·

150 998 191 1058 tis
210 996 351 1059 hostibus
373 1002 493 1057 montes
513 996 581 1056 sine
595 997 675 1058 duee
696 1012 818 1074 cepere.
845 1000 886 1061 ad
902 998 1039 1076 quinque
1054 1001 1136 1062 mitia

152 1083 295 1157 Ligurum
307 1080 429 1142 carisa:
452 1080 1138 1161 exBomanoeuercitaduoetquinquaginta

152 1166 338 1227 ceciderunt
367 1179 466 1240 super
481 1172 543 1225 tam
558 1164 731 1226 evidentem
747 1166 842 1228 tristis
856 1168 968 1231 aminis
981 1175 1135 1244 eventum,

151 1250 242 1309 etiarn
265 1265 304 1310 ex
319 1248 450 1324 pullario
472 1248 608 1309 anditum
630 1255 680 1310 est
696 1249 801 1311 vitium
820 1252 853 1312 in
868 1251 1008 1328 auspicio
1030 1252 1136 1327 inisse,

150 1348 210 1393 nec
225 1333 256 1393 id
271 1332 430 1394 consulem
442 1332 615 1407 ignorasse.
649 1333 681 1393 G.
695 1334 839 1396 Valerius
854 1336 958 1397 audita

152 1500 242 1577 periti
261 1497 443 1574 religionum
462 1499 601 1575 iurisque
621 1499 752 1575 publici,
775 1501 898 1577 quando
913 1501 975 1562 duo
992 1498 1137 1562 ordinarii

152 1585 297 1648 eonsules
319 1584 386 1645 eius
405 1583 477 1643 anni
496 1584 574 1644 aliar
592 1584 700 1643 morbo
718 1585 794 1645 alter
808 1585 888 1645 serra
904 1584 1052 1660 perisset,
1074 1585 1137 1646 sui·

152 1671 265 1729 lectum
279 1668 438 1729 consulem
452 1668 607 1743 negabant
619 1675 704 1728 recte
718 1666 840 1728 comitia
852 1667 967 1728 babere
981 1684 1086 1746 posse.

154 1835 290 1897 deduxit.
317 1834 395 1895 xlx.
419 1833 464 1895 cis
480 1833 678 1910 Apenninum
694 1835 796 1895 Garuli
817 1842 848 1895 et
860 1835 995 1912 Lapicini
1017 1844 1047 1897 et
1062 1836 1137 1898 Her·

153 1927 251 1996 gates,
265 1928 350 1980 trans
361 1918 560 1994 Apenninum
570 1916 722 1980 Briniates
737 1919 867 1980 inerant.
889 1920 968 1979 intra
979 1922 1138 1982 Audenam

153 2018 273 2064 anmern
287 2002 320 2062 P.
333 2002 454 2063 Mucius
476 2018 546 2064 cum
558 2002 613 2074 iis,
636 2003 689 2078 qui
701 2002 817 2064 Lunam
831 2002 982 2078 Pisasque
998 2004 1138 2079 depopu-

153 2088 206 2148 lati
220 2096 314 2160 erant,
330 2087 443 2147 belum
457 2086 563 2162 gessit,
579 2086 784 2163 oneribusque
796 2087 828 2146 in
843 2085 995 2148 dicionem
1005 2087 1138 2167 redactis

153 2187 239 2231 arma
264 2170 387 2232 ademit.
420 2169 460 2231 ob
482 2186 536 2231 eas
556 2187 609 2231 res
632 2171 664 2230 in
680 2170 776 2231 Gallia
789 2170 1014 2246 Liguribusque
1034 2177 1139 2246 gestas
1159 2203 1166 2219 ·

154 2255 285 2316 duorum
305 2254 466 2316 cumulum
487 2255 580 2317 ductu
602 2254 803 2330 auspicioque
822 2261 948 2316 senatus
962 2255 992 2315 in
1007 2255 1140 2316 triduum

155 2338 399 2414 supplicationes
420 2338 557 2399 demam
577 2346 608 2400 et
628 2338 829 2416 quadraginta
848 2337 958 2401 hostiis
973 2338 1139 2400 sacrificari

155 2424 254 2484 iussit
523 2442 525 2445 ’

238 2507 276 2566 Et
291 2506 435 2566 tumultus
451 2506 575 2582 quidem
591 2507 724 2569 Gallicus
740 2512 770 2567 et
782 2507 975 2582 Ligustinus,
990 2505 1044 2581 qui
1058 2505 1139 2581 prin·

156 2590 238 2666 cipio
260 2590 327 2650 eius
343 2591 414 2650 anni
428 2598 555 2652 exortus
569 2592 684 2666 inerat,
704 2590 787 2651 hand
802 2607 913 2667 magno
928 2596 1041 2652 conatu
1054 2588 1140 2651 brevi

156 2690 330 2750 oppressus
349 2682 429 2735 erat:
455 2675 528 2734 belii
547 2674 738 2735 Macedonici
762 2673 884 2736 subibat
903 2676 963 2736 iam
984 2690 1072 2751 cura,
1085 2674 1140 2734 rni-

155 2766 262 2819 seeme
275 2756 389 2819 Perseo
404 2756 483 2818 inter
496 2758 658 2821 Dardanos
672 2759 903 2834 Bastarnasque
918 2758 1092 2819 certamina.
1111 2764 1142 2817 et

155 2842 261 2916 legali,
285 2842 338 2917 qui
358 2841 445 2903 missi
467 2842 507 2902 ad
526 2858 578 2904 res
598 2843 745 2903 visendas
765 2842 795 2900 in
812 2842 1022 2903 Macedoniarn
1046 2849 1140 2913 erant,

154 2924 216 2986 iam
230 2932 420 2986 reverterant
429 2926 567 3001 Romam,
581 2924 890 3001 renuntiaverantque
900 2926 1014 2987 belum
1024 2926 1054 2986 in
1066 2926 1142 2987 Ilar-

156 3009 248 3069 dania
267 3025 349 3070 esse.
382 3010 474 3071 simul
494 3017 642 3071 venerant
663 3018 693 3072 et
712 3010 751 3070 ab
772 3025 845 3084 rege
859 3008 973 3072 Perseo
995 3017 1142 3082 oratores,

156 3093 210 3168 qui
231 3100 400 3169 purgarent
418 3109 477 3154 nec
498 3092 615 3155 accitos
637 3094 677 3154 ab
692 3109 729 3154 eo
748 3093 915 3155 Bastarnas
937 3109 995 3155 nec
1018 3101 1143 3156 auclore

155 3192 194 3236 eo
220 3178 387 3253 quicquam
416 3178 527 3238 iacere.
566 3185 691 3239 senatus
720 3192 778 3238 nec
801 3177 911 3238 liberat
938 3179 1005 3240 eius
1033 3179 1143 3253 culpae

155 3276 261 3335 regem
276 3277 379 3336 neque
400 3259 514 3336 arguit:
536 3263 654 3324 moneri
670 3278 739 3323 eum
753 3268 868 3323 tantum
883 3264 976 3325 modo
991 3261 1094 3332 iussit,
1111 3267 1144 3319 ut

157 3344 248 3404 eliam
270 3353 366 3421 atque
387 3346 477 3406 etiam
498 3354 633 3419 curaret,
659 3353 694 3408 ut
714 3355 853 3408 sanctum
875 3345 1002 3407 haberet
1022 3343 1143 3415 foedae,

157 3429 242 3503 qnod
264 3430 292 3489 ei
314 3445 383 3490 cum
396 3429 544 3491 Romanis
563 3447 635 3492 esse
655 3430 753 3491 videri
768 3437 886 3504 posset.
917 3427 1053 3490 Dardani
1074 3441 1141 3485 cum

158 3511 323 3573 Bastarnas
339 3529 401 3573 non
416 3514 509 3574 modo
521 3530 584 3574 non
595 3514 748 3575 excedere
758 3513 870 3574 finibus
883 3512 959 3573 suis.
976 3510 1061 3586 quod
1072 3524 1142 3586 spe-
