2642 4017
218 235 280 301 aaa
347 236 463 299 traua
477 235 567 296 xcv.
589 234 673 296 oar.
687 244 731 297 ao.
746 243 847 297 nas.
870 236 955 313 [sn.
968 237 1066 314 esee]

220 404 314 464 qnam
326 387 452 461 andqua
462 384 578 458 merita,
592 400 722 460 quorum
732 384 793 461 ipsi
804 391 900 446 testes
912 394 1028 447 essent
1043 388 1197 464 extemplo

218 480 307 532 veste
321 470 449 532 sordida
462 475 585 544 sumpta
599 469 710 529 domos
724 469 899 544 principum
913 485 988 530 cum
1002 470 1148 546 precibus
1162 487 1200 531 ac

220 555 354 616 lacrimis
376 551 574 614 circumibant
595 558 720 613 orantes
734 558 769 613 ut
787 552 874 627 prius
889 560 1114 627 cognoscerent
1128 569 1199 615 cau·

220 654 287 699 sam
308 652 400 714 quam
420 637 707 697 condemnaremur.
733 635 811 695 XXI,
837 635 888 696 ht.
907 636 1064 697 Iuventius
1083 637 1199 699 Thalna

221 730 359 797 praetor,
379 718 468 781 cuius
489 719 568 780 inter
587 717 673 780 cives
693 726 724 780 et
745 720 927 795 peregrinos
941 720 1111 783 iurisdictio
1125 729 1199 797 erat,

222 808 370 881 populum
384 805 536 865 adversus
546 802 686 864 Rhodios
698 801 850 876 incitabat,
864 802 1117 880 rogationemque
1127 821 1198 881 pro

220 892 425 965 mulgaverat,
447 893 481 949 ut
493 885 623 948 Rhodiis
643 885 757 947 bellum
778 886 978 961 indiceretur,
1001 895 1091 948 etex
1105 888 1198 964 magi-
1320 909 1321 928 r

222 972 367 1033 stratibus
378 972 446 1031 eius
457 969 529 1030 anni
540 970 718 1045 deligerent,
735 972 788 1047 qui
799 972 839 1032 ad
849 971 881 1032 id
890 971 1002 1032 bellum
1012 987 1084 1032 cum
1095 972 1197 1033 classe

223 1057 398 1129 mitteretur,
413 1071 449 1116 se
463 1070 533 1115 eum
548 1067 680 1130 sperans
694 1055 828 1115 laturum
842 1071 924 1116 esse.
945 1053 1016 1115 huic
1029 1055 1142 1116 achoni
1155 1055 1197 1114 Μ.

222 1137 374 1200 Antonius
395 1144 426 1199 et
438 1137 480 1197 lt
497 1137 685 1213 Pomponius
706 1136 932 1215 tribuniplebis
947 1138 1197 1200 adversabantur.

222 1223 324 1284 sedet
337 1229 462 1297 praetor
471 1238 553 1285 novo
567 1222 712 1297 maloque
723 1223 865 1298 exemplo
876 1236 941 1282 rem
952 1222 1112 1297 ingressus
1123 1231 1197 1296 erat,

222 1307 307 1382 quod
318 1314 387 1368 ante
397 1322 458 1367 non
471 1306 611 1367 consulto
624 1310 742 1380 senatu,
754 1321 815 1368 non
829 1304 1009 1379 consulibus
1015 1306 1197 1366 certioribus

222 1390 310 1451 lactis
333 1390 373 1450 de
394 1405 452 1450 sua
473 1388 563 1449 unius
585 1389 737 1449 sententia
749 1390 940 1465 rogationem
954 1391 1061 1463 lerret,
1087 1390 1199 1450 vellent

220 1473 399 1535 iuberentne
412 1473 541 1535 Rhodiis
554 1472 669 1533 bellum
679 1470 782 1548 indici,
798 1488 867 1533 cum
878 1480 968 1534 antea
978 1488 1102 1547 semper
1112 1474 1197 1548 prius

221 1566 348 1619 senatus
370 1557 510 1618 debello
532 1556 692 1617 consultus
713 1562 811 1630 esset,
834 1556 946 1617 deinde
965 1573 1006 1617 ec
1024 1559 1199 1618 commate

221 1648 342 1717 patrum
356 1641 397 1700 ad
410 1642 559 1716 populum
574 1640 684 1709 latum;
706 1646 737 1700 et
748 1639 860 1700 tribuni
874 1639 984 1716 piebis,
999 1655 1068 1700 cum
1083 1639 1125 1701 ita
1137 1646 1196 1701 tra·

221 1723 315 1783 ditum
332 1730 424 1798 esset,
439 1738 478 1782 ne
493 1724 562 1798 quis
576 1724 662 1798 prius
677 1724 879 1785 intercederet
893 1723 952 1798 legi
967 1739 1059 1799 quam
1069 1723 1197 1799 privatis

221 1806 373 1868 suadendi
388 1807 653 1882 dissuadendique
667 1807 766 1882 legem
780 1813 919 1883 potestas
935 1808 1016 1868 lacta
1029 1814 1123 1882 esset,
1143 1822 1196 1868 eo

223 1906 284 1966 que
299 1904 450 1965 persaepe
464 1891 635 1965 evenisset,
658 1897 736 1951 utet
751 1890 879 1965 quinon
894 1889 1029 1967 professi
1044 1896 1149 1951 essent
1163 1908 1199 1952 se

222 1973 461 2048 intercessuros,
483 1974 707 2035 animadversis
726 1974 808 2035 vitiis
829 1975 907 2051 legis
929 1990 968 2034 ex
983 1974 1121 2036 oratione
1135 1975 1198 2035 dis·

221 2059 414 2120 suadentium
429 2058 660 2133 intercederent,
676 2066 707 2119 et
721 2059 774 2134 qui
783 2059 824 2118 cd
836 2059 1085 2119 intercedendum
1096 2058 1198 2120 venis-
1233 2110 1241 2118 .

222 2151 291 2204 sent
314 2143 500 2204 desisterent
523 2143 596 2203 victi
620 2140 849 2204 auctoritatibus
875 2142 1069 2204 suadentium
1089 2143 1198 2218 legem.

222 2235 283 2287 tum
295 2228 372 2288 inter
383 2234 555 2303 praetorem
565 2224 767 2301 tribunosque
779 2224 1197 2301 omniaintempestiveagen·

221 2310 251 2370 di
277 2317 429 2370 certamen
454 2315 535 2371 erat:
565 2311 677 2371 tribuni
701 2307 925 2370 festinationem
950 2309 1101 2385 praetoris
1126 2316 1198 2369 ante

220 2399 341 2469 tempus
356 2393 574 2454 intercedendo

220 2560 249 2618 in
264 2560 429 2619 adventum
444 2556 485 2616 im

219 2724 310 2785 xxti.
331 2729 420 2798 „est,
442 2722 714 2798 peccaverimusne
734 2723 835 2784 adhuc
855 2724 982 2786 dubium
995 2732 1056 2800 est,
1077 2739 1197 2801 poenas

220 2805 403 2882 ignominias
419 2821 527 2867 omnes
542 2806 601 2866 iam
618 2804 757 2881 patimur.
780 2815 878 2883 antea,
895 2808 1197 2885 Carthaginiensibus

219 2890 323 2963 victis,
343 2889 484 2967 Philippo
504 2889 657 2953 Antiocho
678 2891 847 2968 superatis,
869 2907 939 2952 cum
953 2892 1082 2954 Romam
1094 2892 1197 2953 venis-

219 2991 340 3049 semus,
367 2990 406 3035 ex
428 2974 550 3049 publico
571 2973 706 3050 hospitio
728 2975 888 3035 incuriam
901 2977 1082 3050 gratulatum
1096 2975 1197 3050 vobis,

219 3067 322 3135 patres
338 3058 512 3134 conscripti,
533 3075 573 3119 ex
588 3058 673 3121 curie
686 3060 716 3119 in
733 3058 912 3134 Capitolium
927 3060 967 3120 ad
982 3060 1059 3120 deos
1074 3065 1198 3120 vestros

219 3144 303 3204 dona
317 3143 466 3212 ferentem
489 3158 571 3203 nunc
584 3159 624 3203 ex
639 3143 767 3204 sordido
783 3142 971 3216 deversorio,
987 3143 1040 3203 vix
1053 3142 1199 3203 mercede

218 3226 349 3302 recepti,
376 3242 413 3285 ac
438 3242 536 3303 prope
561 3226 696 3288 hostium
720 3238 806 3287 more
831 3234 916 3286 extra
940 3226 1049 3287 urbem
1072 3241 1199 3287 manere

220 3311 305 3386 iussi,
321 3310 351 3369 in
366 3308 427 3372 hoc
442 3312 588 3385 squalore
602 3310 742 3370 venimus
757 3308 786 3369 in
804 3309 917 3370 curiam
931 3311 1100 3371 Romanam
1113 3308 1197 3371 Rho·

220 3395 271 3469 dii,
289 3411 370 3471 quos
384 3393 552 3470 provinciis
568 3407 669 3468 nuper
681 3391 778 3471 Lycia
792 3401 885 3467 atque
899 3392 994 3467 Caria,
1011 3409 1091 3468 quos
1106 3407 1197 3469 prae·

218 3478 286 3537 miis
302 3484 394 3554 atque
407 3474 576 3536 honoribus
592 3474 789 3551 amplissimis
804 3476 952 3538 donastis.
967 3475 1198 3536 etidacedonas
