2642 4017
291 329 405 391 LIBER
419 330 523 389 XLIV.
546 330 630 389 CAP.
644 337 671 390 i.
683 339 709 392 5.
732 336 769 404 [a.
782 336 815 394 C.
829 337 890 404 169]
1017 331 1079 395 213

96 493 189 562 atque
204 481 295 545 etiam
310 481 462 559 periculo,
488 474 646 543 secedenti
660 499 700 543 ex
714 483 926 559 superioribus
942 487 1019 548 locis
1034 489 1078 549 in-

95 578 178 631 stare
199 568 298 629 hostis
319 574 455 642 poterat3
485 581 543 626 nec
564 567 646 627 aliud
668 568 804 630 restabat
826 585 917 645 quam
933 572 1080 632 audacter

94 653 294 716 commissum
309 650 457 726 pertinaci
472 650 611 722 audacia,
634 667 715 726 quae
730 652 867 727 prudens
882 655 1033 716 interdum
1049 654 1079 716 in

95 738 180 800 exitu
194 742 251 810 est
267 734 430 809 corrigere.
446 741 571 796 ventum
586 732 711 810 quidem
726 742 792 795 erat
805 751 853 812 eo,
868 743 902 798 ut
915 738 942 798 si
957 739 1078 801 hostem

94 822 225 882 similem
245 816 380 894 antiquis
401 818 606 879 Macedonum
626 818 751 894 regibus
778 820 937 882 habuisset
957 823 1077 896 consul,

93 920 206 981 magna
226 902 333 963 clades
353 901 453 978 accipi
473 902 615 977 potuerit
638 903 696 964 sed
716 919 784 964 curn
804 904 844 964 ad
858 905 947 966 Dium
962 922 1018 983 per
1032 908 1077 968 lit-

95 999 162 1051 tora
177 1003 247 1047 cum
261 986 416 1062 equitibus
430 994 595 1061 vagaretur
604 1002 671 1063 rex,
685 992 715 1048 et
729 987 768 1047 ab
779 987 944 1050 duodecim
955 991 1078 1052 milibus

93 1087 194 1151 prope
216 1073 381 1132 clamorem
401 1076 431 1129 et
451 1070 610 1146 strepitum
636 1071 835 1147 pugnantium
861 1074 994 1149 audiret,
1020 1089 1078 1135 nec

94 1157 179 1218 auxit
203 1156 311 1230 copias
337 1154 472 1229 integros
499 1154 592 1216 lassis
616 1156 842 1230 summittendo,
871 1173 972 1234 neque
997 1159 1075 1234 ipsc,

95 1241 180 1317 quod
194 1239 357 1315 plurimum
371 1237 523 1312 intererat,
546 1239 703 1300 certamini
716 1239 820 1314 adhril,
836 1255 906 1302 cum
919 1242 1076 1303 Romanus

92 1325 258 1402 imperator
277 1323 374 1383 maior
401 1322 562 1397 sexaginta
582 1321 671 1383 annis
692 1329 723 1383 et
743 1323 923 1399 praegravis
945 1341 1077 1401 corpore

93 1409 197 1470 omnia
216 1406 356 1467 militaria
375 1421 502 1467 munera
522 1406 591 1481 ipse
611 1407 741 1482 impigre
762 1408 868 1469 obiret.
897 1409 1021 1484 egregie
1036 1409 1075 1469 ad

92 1492 232 1554 ultimum
252 1492 283 1551 in
304 1491 452 1551 audacter
467 1489 634 1551 commisso
649 1492 879 1566 perseveravit;
901 1499 932 1552 et
945 1491 1074 1567 Popillio

92 1576 201 1637 relicto
221 1576 251 1634 in
273 1573 414 1635 custodia
435 1573 512 1648 lugi,
535 1586 591 1648 per
603 1574 686 1634 invia
699 1581 967 1650 transgressurus,
988 1591 1068 1650 prae

92 1659 197 1721 missis
220 1659 272 1734 qui
293 1664 496 1734 repurgarent
514 1657 584 1732 iter,
606 1658 740 1719 Attalum
755 1664 786 1718 et
803 1657 990 1734 hasagenem
1006 1675 1071 1721 cum

93 1759 170 1807 suae
190 1743 289 1818 gentis
310 1750 475 1816 utrumque
489 1740 690 1802 auxiliaribus
706 1741 861 1816 pracsidio
876 1758 948 1804 esse
964 1744 1072 1809 saitunt

94 1826 304 1905 aperientibus
319 1826 411 1899 iubet,
432 1824 502 1900 ipse
517 1825 638 1900 equites
652 1825 933 1903 impedimentaque
948 1843 1023 1903 prae
1038 1842 1073 1888 se

93 1913 214 1973 habens
240 1925 309 1972 curn
334 1909 508 1985 legionibus
534 1922 643 1983 agmen
669 1909 760 1985 cogit.
792 1911 830 1971 V.
862 1910 1074 1971 inenarrabilis

93 1997 181 2058 labor
196 1993 456 2056 descendentibus
471 2007 540 2053 cum
554 1993 642 2053 rrrina
655 1993 857 2054 iumentorum
872 1995 1074 2054 sarcinarum-

94 2096 164 2157 que.
198 2078 373 2154 progressis
396 2078 525 2138 vixdum
551 2085 695 2152 quattuor
718 2077 801 2137 milia
826 2093 975 2153 passuum
1001 2077 1075 2137 nihil

93 2163 258 2240 optabilius
284 2178 356 2223 esse
378 2176 471 2237 quam
492 2160 593 2221 redire
614 2176 677 2237 qua
697 2170 859 2237 venerant,
886 2162 913 2221 si
935 2168 1074 2237 possent.

92 2247 236 2310 hostilem
263 2262 362 2324 prope
389 2246 547 2307 tumultum
570 2245 682 2320 agmini
701 2244 854 2320 elephanti
877 2244 1073 2322 praebebant,

93 2333 146 2409 qui
165 2333 219 2393 ubi
239 2332 279 2391 ad
299 2328 383 2390 invia
401 2335 564 2404 venerant,
591 2329 718 2390 deiectis
732 2330 903 2390 rectoribus
919 2344 988 2389 cunr
1003 2329 1073 2388 hor·

93 2415 190 2477 rendo
202 2415 335 2476 stridore
349 2428 496 2488 pavorem
511 2413 674 2488 ingentem,
689 2414 778 2489 equis
790 2413 930 2487 maxime,
946 2413 1072 2473 incutie-

94 2501 179 2574 bant,
201 2500 301 2560 donec
322 2498 503 2559 traducendi
523 2513 580 2559 cos
602 2498 680 2559 ratio
700 2497 774 2558 inita
788 2505 844 2559 est.
866 2511 923 2573 per
938 2496 1074 2573 proclive

93 2592 217 2659 sumpto
229 2582 350 2658 fastigio
364 2582 448 2656 longi
459 2582 522 2642 duo
533 2581 627 2642 validi
641 2597 766 2643 asseres
780 2598 818 2642 ex
831 2579 976 2642 interiore
987 2587 1074 2656 parte

93 2669 125 2729 in
139 2677 220 2728 terra
235 2665 457 2738 deligebantur,
479 2665 627 2726 distantes
642 2664 723 2726 inter
738 2682 773 2726 se
788 2668 880 2741 paulo
896 2667 967 2741 plus
982 2680 1073 2741 quam

95 2756 211 2824 quanta
223 2747 344 2807 belluae
358 2746 485 2807 latitudo
500 2753 561 2806 est:
583 2748 612 2807 in
624 2760 680 2809 eos
691 2755 869 2809 uansverso
881 2749 1074 2809 incumbente

7 2872 9 2880 ›
93 2831 180 2906 tigno
196 2829 236 2889 ad
250 2829 385 2889 tricenos
400 2828 484 2902 longi
499 2829 607 2904 pedes,
621 2837 656 2889 ut
672 2844 751 2904 pons
767 2838 859 2905 esset,
873 2832 1073 2905 iniungeban-

94 2925 158 2990 tur,
180 2912 357 2986 humusque
378 2911 506 2985 insuper
519 2910 707 2972 iniciebatur.
727 2912 849 2974 modico
871 2913 1074 2981 deindeinira

93 2997 255 3062 intervallo
272 2995 379 3056 similis
395 2995 470 3056 alter
485 3009 574 3069 pons,
591 2995 660 3054 dein
678 2995 792 3069 tertius,
808 3004 838 3057 et
852 2998 956 3072 plures
971 3012 1010 3058 ex
1026 3016 1073 3060 or-

94 3085 175 3157 dine,
195 3098 258 3158 qua
266 3095 362 3156 rupes
374 3076 517 3140 abscisae
528 3086 623 3152 erant,
636 3078 759 3139 fiebant.
775 3080 875 3140 solido
887 3081 1074 3155 procedebat

93 3166 242 3243 elephans
262 3165 293 3226 in
314 3171 453 3240 pontem3
477 3163 564 3222 cuius
580 3162 760 3238 priusquam
774 3162 805 3222 in
820 3170 987 3226 extremum
1004 3182 1073 3242 pro·
1167 3212 1170 3223 .

12 3314 13 3331 ἢ
95 3253 233 3322 cederet,
257 3248 389 3322 succisis
410 3247 570 3308 asseribus
591 3247 750 3322 collapsus
765 3262 845 3323 pons
860 3263 960 3325 usque
976 3250 1015 3309 ad
1030 3250 1073 3307 al·

12 3334 13 3339 ’
94 3333 187 3396 terius
213 3333 329 3394 initium
354 3331 457 3409 pontis
483 3329 602 3406 prolabi
627 3346 698 3392 eum
723 3332 829 3392 leniter
856 3334 994 3408 cogebat.
1023 3328 1074 3390 alii

94 3418 248 3493 elephanti
270 3415 401 3493 pedibus
422 3415 615 3491 insistentes,
644 3413 695 3475 aiii
716 3416 855 3477 clunibus
877 3414 1073 3476 subsidentes

94 3501 341 3577 prolabebantur.
362 3500 415 3560 ubi
431 3500 573 3573 planities
588 3500 684 3559 altera
699 3501 801 3574 pontis
816 3498 993 3572 excepisset
1006 3509 1071 3567 eos,

93 3599 202 3645 rursus
223 3582 313 3647 simili
326 3583 414 3644 ruina
428 3581 582 3644 interioris
603 3581 706 3658 pontis
722 3582 951 3649 deferebantur,
975 3576 1073 3636 donec
