2642 4017
236 204 300 271 aaa
347 167 351 173 ⁴
397 204 629 265 umuaxmv.
644 203 841 267 cannae.
857 209 1053 278 [ananan
1090 277 1094 285 ⁴

237 361 296 422 bus
311 357 393 420 suis:
417 357 581 419 clondicus
594 373 704 418 rursus
720 356 896 434 interrogat,
913 356 1026 435 ecquid
1039 356 1118 435 ipsis
1134 360 1233 438 quin·

238 459 299 521 qua
313 442 445 517 mitibus,
461 442 548 517 quod
559 441 766 516 convenisset,
781 450 964 504 numeraret
987 457 1055 502 cum
1067 444 1232 506 adversus

237 528 270 588 id
295 542 419 603 quoque
445 525 567 586 misceri
592 524 738 600 ambages
763 532 917 601 cerneret,
948 525 1093 588 invIolato
1121 527 1229 588 iassaci

238 610 354 686 nuntio,
370 610 455 685 quod
470 608 522 669 vix
537 615 717 685 speraverat
735 606 805 684 ipse
825 625 922 685 posse
937 610 1123 685 contingere,
1138 619 1228 672 retro

238 695 280 756 ad
293 695 438 769 Histrum,
453 691 649 769 perpopulati
662 692 836 764 Thraciam,
860 710 925 769 qua
936 693 1047 754 vicinia
1063 695 1226 768 erutviae,

237 776 403 839 redierunt.
439 792 520 853 quae
533 792 643 838 manus
659 774 764 853 quieto
787 777 915 838 sedente
928 792 1003 854 rega
1016 777 1057 837 ad
1070 777 1227 854 Enipeum
1316 824 1317 827 ,

236 862 392 924 adversus
418 862 575 923 Romanos
603 859 806 922 Perrhaebiae
833 862 944 923 saltum
972 861 1003 921 in
1031 860 1227 927 Thessaliam
1299 939 1302 943 ἵ

239 945 378 1008 traducta
391 961 453 1006 non
468 960 561 1020 agros
581 950 697 1005 tantun
708 944 837 1013 ⁴undare
855 945 1033 1021 populando
1049 945 1161 1020 potuit,
1185 961 1226 1006 ne

240 1044 321 1104 quos
347 1028 419 1088 inde
444 1029 574 1090 Romani
596 1034 783 1090 commeatus
806 1028 1035 1104 exspectarent,
1057 1030 1114 1090 sed
1135 1029 1225 1105 ipsas

238 1111 422 1173 exscindere
441 1111 535 1173 urbes
556 1119 678 1174 tenente
698 1113 739 1173 od
757 1110 906 1188 Enipeum
926 1112 1039 1174 Perseo
1054 1113 1223 1190 Romanos,
1316 1154 1317 1167 ,

228 1195 278 1256 'ne
293 1194 419 1256 urbibus
434 1193 530 1257 sociis
545 1195 688 1270 opitulari
703 1202 841 1271 possent
877 1196 955 1272 ipsis
970 1211 1097 1273 quoque
1110 1197 1224 1257 Roma·
1316 1224 1317 1229 κ

239 1278 288 1341 nis
313 1279 413 1341 dese
438 1278 634 1356 cogitandum
659 1279 783 1352 tuimet,
814 1280 938 1356 quando
967 1295 1069 1356 neque
1097 1295 1225 1341 manere

238 1361 355 1425 amissa
376 1362 555 1439 Thessalia,
577 1362 658 1424 unde
682 1363 836 1426 exercitus
860 1364 1012 1438 alebatur,
1038 1364 1222 1440 potuissent,

235 1463 341 1525 neque
362 1447 521 1524 progredi,
543 1463 613 1509 cum
632 1463 673 1507 ex
693 1447 826 1510 adverso
848 1454 950 1509 castra
962 1447 1167 1509 Macedonum
1182 1444 1223 1486 **

240 1533 292 1609 qui
321 1545 359 1593 ea
386 1532 598 1608 pependerant
625 1546 698 1606 spe,
723 1531 809 1592 haud
826 1529 1021 1593 mediocriter
1045 1531 1223 1593 debilitavit.

240 1615 348 1676 eadem
368 1615 495 1677 avaritIa
516 1614 656 1677 Gentium
675 1630 779 1691 regem
801 1613 860 1676 sibi
881 1613 1031 1676 alienavit.
1067 1631 1138 1676 nam
1153 1631 1224 1676 cum

240 1705 375 1767 trecenta
385 1700 497 1759 talenta
505 1699 607 1760 Pellae
616 1698 721 1759 missis
733 1715 752 1759 a
763 1698 871 1760 Gentio
883 1706 1082 1771 numerasset
1098 1700 1223 1774 signare

240 1797 296 1843 eos
312 1781 472 1856 pecuniam
487 1799 610 1859 passus,
624 1782 697 1845 Inde
711 1782 818 1843 decem
833 1783 946 1845 talenta
960 1782 999 1844 ad
1013 1781 1223 1843 Pantauchum

239 1865 344 1939 missa,
351 1880 450 1940 eaque
456 1869 630 1942 praesentia
635 1865 702 1927 dari
708 1866 774 1942 regi
781 1865 886 1937 iussit,
897 1866 1044 1942 reliquam
1052 1865 1222 1943 pecuniam,

126 1967 128 1969 ’
241 1947 391 2025 signatam
418 1950 591 2028 lllyriorum
618 1950 722 2025 signo,
754 1949 945 2026 portantibus
975 1950 1041 2026 suis
1064 1950 1222 2027 praecipit,
1316 2002 1317 2015 ,

243 2033 346 2110 parvis
360 2034 520 2109 itineribus
530 2035 685 2105 veherent,
701 2033 772 2094 dein
787 2049 856 2095 cum
870 2034 1012 2095 adfinem
1022 2034 1222 2097 Macedoniae

243 2125 365 2179 ventum
380 2124 472 2191 esset,
489 2118 691 2181 subsisterent
701 2110 744 2178 ibi
755 2133 792 2178 ac
804 2119 926 2179 nuntios
940 2118 980 2179 ab
994 2134 1030 2179 se
1044 2118 1221 2194 opperiren-

243 2209 299 2262 tur.
335 2202 460 2266 Gentius
476 2203 589 2279 exigua
599 2209 685 2279 parte
696 2201 846 2277 pecuniae
857 2208 993 2279 accepta,
1010 2218 1080 2263 cum
1090 2199 1222 2263 adsidue

242 2301 261 2345 a
274 2284 450 2349 Pantaucho
467 2287 507 2347 ad
520 2286 724 2348 lacessendos
738 2283 840 2347 hostili
856 2285 935 2346 Iacto
949 2287 1105 2348 Romanos
1116 2287 1221 2360 stImu·

241 2368 364 2443 leretur,
384 2369 425 2429 Μ.
445 2369 631 2445 Perpernam
649 2376 681 2430 et
699 2363 732 2429 i.
754 2367 901 2431 Petillium
925 2370 1055 2446 legatos,
1082 2367 1135 2446 qui
1160 2375 1221 2430 tum
1316 2414 1317 2453 ,

243 2453 320 2515 iorte
334 2453 459 2514 adeum
474 2458 629 2525 venerant,
645 2449 677 2511 In
689 2453 860 2513 custodiam
870 2452 1009 2515 coniecit.
1045 2452 1105 2514 hoc
1119 2453 1221 2514 audito
1316 2498 1317 2527 ,

242 2535 374 2596 Perseus
399 2533 594 2595 contraxisse
618 2550 688 2594 eum
714 2537 915 2598 necessitates
940 2544 1025 2599 ratus
1046 2537 1086 2598 ad
1110 2535 1221 2598 bellum

242 2617 348 2692 utique
363 2632 431 2677 cum
445 2616 608 2692 Romanis,
627 2617 668 2677 ad
686 2614 895 2681 revocandum
910 2621 961 2697 qui
977 2619 1138 2696 pecuniam
1152 2636 1220 2695 por·

242 2699 326 2762 tabat
336 2698 426 2774 misit,
437 2699 689 2762 vetutnihiiaiiud
701 2715 806 2778 agens,
822 2720 914 2779 quam
924 2710 958 2766 ut
968 2710 1082 2781 quanta
1092 2698 1220 2764 maxima

242 2790 351 2860 posset
370 2784 486 2860 praeda
501 2800 590 2847 exse
605 2783 726 2848 devicto
740 2786 886 2849 RomanIs
900 2783 1119 2850 reservaretur.
1140 2794 1170 2847 et
1183 2786 1220 2847 ab

101 2925 104 2929 .
202 2932 205 2936 Α
242 2867 378 2929 Eumene
392 2867 585 2946 Hierophon,
600 2869 712 2946 Ignotis
725 2886 804 2946 quae
817 2874 936 2933 occulte
947 2879 1015 2950 acta
1025 2878 1120 2943 erant,
1135 2870 1219 2931 redit

193 2970 198 2997 -·
243 2951 283 3011 de
298 2951 426 3029 captivis
441 2960 543 3016 actum
557 2969 630 3015 esse
643 2962 675 3016 et
693 2954 752 3031 ipsi
773 2955 1004 3031 evulgaverunt,
1024 2962 1054 3017 et
1071 2955 1219 3016 Eumenes

243 3038 401 3097 consulem
415 3035 560 3099 vitandae
573 3034 763 3114 suspicionis
778 3053 874 3100 causa
887 3039 1047 3101 certiorem
1063 3038 1143 3113 iecit.

325 3119 460 3180 XXVIII.
487 3116 621 3183 Perseus
645 3130 718 3198 post
740 3120 870 3185 reditum
896 3122 935 3183 ab
959 3123 1095 3183 Eumene
1117 3120 1217 3182 Hiero·
1310 3108 1317 3135 ⁴

197 3251 199 3255 .
244 3201 366 3279 phontis
381 3219 440 3279 spe
455 3204 591 3267 delectus
606 3207 792 3267 Antenorem
813 3212 844 3267 et
858 3205 1028 3283 Callippum
1051 3205 1219 3281 praetactos

244 3286 354 3350 classis
369 3304 438 3349 cum
450 3289 654 3366 quadraginta
668 3289 777 3350 lembis
791 3322 834 3333 —
855 3286 994 3352 adlectae
1013 3290 1053 3350 ad
1073 3288 1155 3350 hunc
1168 3303 1219 3347 nu·

243 3387 360 3434 merum
375 3369 511 3447 quinque
526 3372 638 3448 pristes
653 3379 740 3433 erant
752 3408 795 3454 .-
808 3371 963 3433 Tenednm
977 3371 1080 3444 mittit,
1101 3378 1136 3433 ut
1154 3370 1220 3432 inde

199 3466 202 3471 ·
244 3470 370 3530 sparsas
398 3471 453 3532 per
479 3455 631 3535 cycladas
657 3455 775 3516 Insulas
802 3469 898 3516 naves
918 3454 1131 3516 Macedoniarn
1156 3470 1219 3516 omn
