2642 4017
246 257 309 321 no
428 250 543 311 crasa
557 250 632 311 xm.
655 249 1035 325 consoranensi

244 405 302 465 bus
316 403 442 476 Martiis,
459 418 521 477 quo
537 400 588 463 die
599 399 802 477 Sempronius
813 400 1021 478 Claudiusque
1034 405 1230 469 consulatum

244 488 383 559 inierunt,
400 486 513 548 mentio
528 493 644 548 tautum
658 486 698 546 de
714 483 880 562 provinciis
895 484 1037 546 Sardinia
1050 486 1231 563 Histriaque

244 579 275 633 et
287 572 449 648 utriusque
459 570 599 632 hostibus
611 570 677 644 luit,
687 570 740 644 qui
751 568 782 629 in
794 568 843 629 bis
853 568 1020 644 provinciis
1030 569 1143 633 bellum
1154 587 1229 632 con-

244 656 399 717 civissent
422 663 548 732 postero
564 653 615 714 die
629 654 720 728 legati
738 652 917 728 Sardormn,
932 654 984 730 qui
998 654 1038 713 ad
1049 669 1150 716 novos
1162 671 1227 716 ma-

244 741 387 815 gistratus
402 739 486 801 dilati
501 745 595 810 erant,
610 743 641 797 et
653 737 687 795 L.
698 737 852 798 Minucius
866 736 1024 812 Thermus,
1041 739 1093 812 qui
1107 739 1229 814 legatus

243 823 347 883 Manlii
362 823 497 884 consulis
512 822 542 882 in
556 821 671 881 Histria
684 821 796 894 iuerat,
812 821 843 881 in
856 828 995 882 senatum
1011 822 1104 883 venit.
1126 822 1165 883 ab
1179 821 1228 882 bis

244 907 373 968 edoctus
381 915 429 967 est
436 913 571 978 senatus,
580 910 726 980 quantum
736 902 808 979 belli
815 920 871 965 eae
883 905 1060 980 provinciae
1069 904 1229 967 haberent.

326 990 488 1051 Moverunt
508 995 647 1050 senatum
662 988 875 1064 allegationes
890 990 1008 1050 socium
1024 989 1156 1050 nominis
1170 991 1228 1051 La·
1271 1058 1282 1073 ·

244 1072 313 1149 tini,
339 1089 418 1150 quae
439 1080 469 1134 et
489 1087 636 1135 censores
657 1080 690 1133 et
708 1071 828 1148 priores
849 1074 995 1135 consules
1015 1073 1227 1148 fatigaverant,

243 1157 365 1218 modam
379 1157 408 1217 in
424 1164 564 1218 senatum
577 1156 778 1217 introductae.
801 1172 920 1217 summa
934 1157 1139 1233 querellarum
1154 1164 1228 1232 eral,

244 1242 329 1302 cives
340 1241 539 1303 suosltomae
550 1255 664 1302 censos
676 1241 844 1316 plerosque
850 1241 978 1302 Romam
989 1239 1228 1315 commigrasse,

244 1325 329 1400 qnod
343 1325 370 1387 si
385 1324 590 1402 permittatur,
610 1323 776 1400 perpaucis
790 1324 896 1386 lustris
912 1325 1043 1386 loturum
1056 1333 1090 1385 nt
1104 1324 1229 1385 deserta

244 1409 375 1485 oppida,
396 1409 510 1487 deserti
527 1408 593 1484 agri
613 1409 729 1469 naulum
748 1406 871 1469 militem
894 1408 968 1469 darc
986 1415 1125 1485 possent.
1156 1407 1227 1468 Fre

243 1494 339 1569 gellas
361 1507 485 1570 quoque
504 1491 586 1553 milia
605 1499 749 1568 quattuor
769 1491 949 1552 familiarum
969 1490 1119 1553 transisse
1133 1491 1175 1551 ab
1189 1507 1225 1553 se

244 1575 396 1638 Samnites
408 1576 586 1653 Pelignique
602 1576 816 1653 querebantur,
831 1591 932 1651 neque
942 1592 980 1636 eo
993 1574 1093 1636 minus
1102 1582 1156 1636 aut
1166 1575 1225 1636 bos

243 1669 295 1727 aut
314 1661 384 1722 illos
399 1661 435 1733 ‚in
452 1659 596 1722 dilectum
614 1659 741 1720 militum
756 1661 840 1721 dare.
866 1675 980 1735 genere
993 1668 1094 1735 autem
1110 1660 1228 1720 fraudis

244 1744 305 1804 duo
320 1744 483 1806 mutandae
496 1744 607 1806 viritim
622 1744 751 1807 civitatis
766 1743 889 1805 inducte
903 1752 999 1805 erant
1020 1745 1070 1804 lex
1084 1742 1179 1804 sociis
1191 1759 1228 1804 ao

243 1826 375 1889 nominis
395 1827 508 1903 Latini,
535 1829 587 1905 qui
608 1827 734 1904 stirpem
755 1843 796 1888 ex
817 1842 889 1890 sese
909 1827 991 1890 domi
1010 1827 1227 1904 relinquerent,

243 1911 350 1987 dabat,
370 1919 403 1974 ut
423 1912 507 1974 cives
521 1911 650 1974 Romani
672 1911 789 1973 flerent
822 1928 859 1973 ea
873 1913 941 1987 lege
954 1911 1033 1972 male
1047 1911 1163 1973 utendo
1177 1911 1227 1972 ulii

243 1997 347 2071 sociis,
363 1996 413 2058 alii
429 1997 546 2074 populo
560 1997 701 2058 Romano
716 1995 856 2057 iniuriam
872 1993 1034 2056 iaciebant.
1060 2010 1130 2054 nam
1144 2001 1175 2055 et
1189 2010 1228 2054 ne

243 2082 369 2158 stirpem
385 2080 468 2142 domi
482 2078 697 2157 relinquerent,
713 2078 827 2141 liberos
839 2094 914 2141 suos
928 2077 1155 2156 quibusquibus
1166 2078 1226 2140 Ro-

243 2166 340 2227 manis
355 2162 386 2225 in
401 2180 469 2226 earn
484 2164 708 2237 condicionem,
722 2170 756 2225 ut
769 2162 1057 2237 manumitterentur,
1072 2162 1225 2238 mancipio

243 2250 373 2325 dabant,
393 2249 586 2325 libertinique
607 2248 692 2309 cives
713 2255 833 2318 cescum
860 2254 890 2309 et
913 2245 1025 2323 quibus
1046 2247 1159 2323 stirpes
1175 2247 1226 2307 de-

243 2343 342 2411 esset,
371 2349 462 2409 quam
486 2331 708 2408 relinquerent,
737 2338 771 2393 ut
795 2332 879 2393 cives
904 2328 1034 2392 Romani
1058 2329 1227 2393 fiebant**.

243 2425 354 2496 postea
375 2415 424 2478 his
446 2431 572 2492 quoque
594 2413 779 2491 imaginibus
799 2414 874 2477 iuris
895 2416 1024 2490 spretis,
1051 2414 1228 2492 promiscue

243 2502 311 2564 sine
331 2502 415 2576 lege,
436 2499 504 2559 sine
523 2500 620 2573 stirpe
639 2498 671 2559 in
692 2499 844 2560 civitatem
857 2499 1026 2560 Romanum
1047 2513 1104 2575 per
1117 2498 1226 2573 migra-

242 2584 356 2646 tionem
369 2590 400 2644 et
413 2597 540 2643 censum
554 2581 734 2643 transibant.
756 2582 833 2642 haec
847 2597 885 2642 ne
900 2590 1010 2657 postea
1024 2582 1133 2644 fierent
1143 2588 1226 2658 pete

242 2668 316 2729 bant
327 2663 427 2741 legati,
439 2675 470 2726 et
481 2670 515 2726 ut
525 2665 629 2726 redire
636 2665 668 2725 in
679 2665 819 2727 civitates
830 2665 968 2728 iuberent
978 2664 1101 2736 socios;
1116 2665 1227 2727 deinde

242 2760 275 2813 ut
293 2752 361 2826 lege
382 2757 540 2825 caverent,
561 2766 600 2811 ne
616 2750 686 2825 quis
702 2767 793 2827 quem
809 2748 938 2812 civitatis
953 2751 1118 2812 mutandae
1133 2764 1227 2811 causa

243 2851 332 2897 suum
348 2834 463 2897 iaceret
476 2849 555 2895 neve
568 2833 731 2907 alienaret;
754 2842 785 2896 et
799 2834 825 2897 si
841 2835 911 2912 quis
924 2834 966 2896 ita
980 2835 1058 2896 civis
1069 2836 1227 2895 Romanus

242 2920 342 2980 factus
357 2926 450 2993 esset,
464 2921 536 2982 elva
549 2937 587 2982 ne
598 2925 683 2981 esset.
704 2918 782 2980 baec
796 2919 955 2995 impetrata
970 2919 1009 2979 ab
1023 2926 1141 2981 senatu.

325 3003 375 3064 lx.
396 3001 577 3065 Provinciae
592 3001 721 3077 deinde,
738 3003 861 3079 quaein
877 3004 958 3065 bello
973 3010 1068 3077 erant,
1083 3001 1226 3064 Sardinia

242 3094 334 3162 atque
348 3087 462 3150 Histria
476 3088 628 3150 decretae·
655 3087 686 3147 in
702 3085 873 3149 Sardiniam
888 3087 969 3148 duae
982 3087 1121 3163 legiones
1136 3084 1226 3146 scribi

242 3171 360 3244 iussae,
383 3171 477 3248 quina
490 3171 572 3233 milia
585 3173 616 3233 in
631 3172 769 3248 singulas
784 3178 815 3232 et
828 3172 939 3232 duceni
953 3169 1090 3247 pedites,
1113 3167 1226 3231 treceni

242 3252 379 3331 equitem
400 3262 431 3316 et
450 3255 614 3317 duodecim
633 3255 717 3316 milia
737 3256 874 3332 peditum
894 3254 1050 3317 sociorum
1070 3270 1108 3316 ac
1128 3251 1226 3314 Latini

242 3336 390 3415 nominis,
405 3345 437 3399 et
450 3340 587 3400 sexcenti
603 3339 734 3415 equites,
750 3345 780 3398 et
794 3339 901 3401 decem
919 3338 1157 3415 quinqueremes
1173 3352 1227 3397 na-

242 3439 306 3498 ves,
322 3420 349 3484 si
364 3421 517 3484 deducere
533 3438 572 3482 ex
589 3421 750 3484 navalibus
764 3422 865 3483 vellet.
888 3423 1075 3484 tantumdem
1090 3421 1225 3500 peditum

241 3507 440 3586 equitumque
453 3506 483 3567 in
494 3496 647 3581 Histriam,
664 3512 811 3584 quantum
823 3506 853 3567 in
862 3504 1044 3583 Sardiniam,
1059 3507 1225 3568 decretum.
