2642 4017
219 320 261 382 54
387 319 503 380 amaa
516 320 577 379 xa.
601 319 685 378 one.
699 325 803 380 aaa.
824 324 1030 395 [aucun]

218 475 304 535 caelo
319 478 439 532 tactam.
468 470 508 531 ob
524 486 562 530 ea
575 470 718 546 prodigia
731 469 837 546 viginti
851 469 961 532 hostiis
972 468 1138 530 maioribus
1149 485 1192 529 sa-

218 557 384 617 crificatum
398 561 447 615 est
460 561 490 614 et
504 553 584 614 diem
599 570 693 615 unum
707 554 890 631 supplicatio
904 554 970 615 fuit

301 639 361 699 Per
374 653 430 699 eos
446 636 514 698 dies
533 653 574 697 ex
595 637 702 698 litteris
717 640 755 699 A.
769 638 901 699 Terentii
921 635 1132 714 propraetoris
1147 651 1193 696 co·

218 725 331 800 gnitum
344 721 377 781 P.
392 720 606 798 Sempronium
628 722 659 781 in
683 721 825 782 ulteriore
844 721 1019 797 provincia,
1040 736 1109 781 cum
1130 723 1193 797 plus

167 873 169 877 ,
218 822 331 869 annum
349 820 442 880 aeger
458 805 583 880 luisset,
601 812 754 867 mortuum
769 820 851 866 esse.
880 819 918 865 eo
938 804 1085 865 maturius
1100 805 1131 864 in
1144 804 1193 863 Hi-

219 890 358 968 spaniam
372 896 531 966 praetores
544 888 621 950 iussi
636 889 773 964 profisci.

301 973 484 1049 Legationes
500 971 611 1033 deinde
625 972 847 1033 transmarinae
862 972 892 1032 in
907 980 1047 1034 senatum
1062 972 1193 1033 introdu-

219 1065 286 1119 ctae
304 1063 391 1131 sunt,
406 1057 505 1132 prima
516 1056 661 1118 Eumenis
677 1064 708 1117 et
722 1056 889 1118 Pharnacis
900 1072 1006 1131 regum
1017 1063 1047 1116 et
1060 1054 1194 1116 Rhodio·

217 1158 287 1204 rrun
302 1139 491 1218 querentium
506 1141 545 1200 de
559 1138 779 1217 Sinopensium
794 1140 892 1199 clade.
920 1139 1052 1215 Philippi
1073 1154 1194 1213 quoque

218 1225 309 1301 legati
323 1230 354 1284 et
367 1224 562 1284 Achaeorum
576 1230 607 1283 et
618 1223 933 1284 Lacedaemoniorum
948 1221 1006 1284 sub
1025 1224 1107 1282 idem
1123 1228 1195 1282 tem·

220 1325 279 1385 pus
295 1314 451 1369 venerunt.
480 1306 518 1368 iis
533 1307 618 1383 prius
632 1307 749 1368 Marcio
771 1308 891 1381 audito,
913 1307 965 1383 qui
985 1306 1024 1366 ad
1039 1322 1090 1366 res
1106 1306 1195 1367 Grae·

218 1392 285 1452 ciae
297 1391 560 1468 Macedoniaeque
573 1391 721 1452 visendas
733 1391 848 1452 missus
863 1398 944 1466 erat,
959 1405 1113 1466 responsa
1127 1389 1196 1450 data

218 1481 298 1536 sunt
325 1475 420 1536 Asiae
433 1473 557 1551 regibus
572 1490 609 1535 ao
622 1475 752 1536 Rhodiis
766 1490 952 1551 responsum
965 1481 1013 1535 est
1027 1476 1146 1549 legatos
1157 1473 1196 1534 ad

219 1574 272 1620 eas
297 1574 349 1619 res
372 1558 519 1619 visendas
544 1566 684 1619 senatum
708 1559 883 1620 missurum.
927 1558 978 1617 lll.
996 1557 1036 1618 de
1056 1558 1195 1633 Philippo

219 1657 323 1703 curam
338 1649 464 1703 auxerat
476 1641 626 1703 Marciusr
647 1658 719 1703 nam
739 1643 781 1702 ita
802 1643 916 1704 iecisse
930 1658 1000 1703 eum
1015 1657 1093 1718 quae
1108 1656 1196 1701 sena·

218 1726 261 1785 tui
275 1725 463 1800 placuissent
477 1725 641 1801 fatebatur,
663 1733 698 1787 ut
719 1726 809 1787 facile
829 1733 994 1804 appareret
1007 1742 1069 1786 non
1084 1725 1196 1787 diutius

220 1825 312 1883 quam
326 1824 457 1870 necesse
471 1817 557 1870 esset
570 1811 730 1872 iacturum.
758 1826 861 1886 neque
882 1810 1048 1871 obscurum
1070 1817 1135 1870 erat
1147 1825 1196 1869 re·
1309 1853 1313 1864 .

218 1891 413 1969 bellaturum,
439 1892 603 1968 omniaque
630 1910 711 1968 quae
735 1900 808 1954 tuuc
832 1900 937 1970 ageret
962 1892 1137 1969 diceretque
1158 1909 1195 1954 eo

219 1983 369 2052 spectare.
397 1977 457 2037 iam
473 1977 602 2052 primum
618 1992 738 2038 omnem
760 1978 825 2036 fere
844 1978 1063 2038 multitudinem
1085 1976 1195 2037 civium

218 2076 257 2120 ex
272 2060 426 2121 maritimis
454 2060 625 2120 civitatibus
651 2076 719 2120 cum
746 2061 867 2121 lamiliis
891 2061 957 2123 suis
982 2060 1013 2121 in
1028 2060 1197 2121 Emathiam

218 2159 299 2218 quae
313 2159 393 2204 nunc
408 2141 531 2216 dicitur,
550 2144 707 2219 quondam
727 2145 881 2221 appellata
899 2145 1033 2208 Paeonia
1053 2150 1114 2217 est,
1135 2151 1196 2205 tra·

219 2226 318 2303 duxit,
332 2227 561 2301 Thracibusque
574 2233 605 2288 et
618 2228 687 2289 aliis
708 2227 846 2289 barbaris
860 2229 953 2290 urbes
968 2228 1093 2289 tradidit
1110 2227 1194 2287 habi

217 2306 347 2387 tendas,'
361 2311 472 2373 fidiora
491 2312 568 2372 haec
589 2327 704 2387 genera
724 2313 881 2372 hominnm
902 2314 968 2373 lore
988 2319 1072 2372 ratus
1086 2313 1117 2371 in
1131 2312 1195 2372 Ro-

217 2412 308 2457 mano
322 2396 414 2456 bello.
442 2395 592 2470 ingentem
610 2411 648 2455 ea
660 2411 712 2456 res
728 2396 879 2457 tremitum
893 2396 923 2455 in
937 2395 1119 2456 Macedonia
1132 2402 1199 2456 tota

218 2480 305 2553 lecit,
321 2478 590 2556 relinquentesque
604 2487 733 2554 penates
748 2495 823 2541 suos
837 2494 906 2540 cum
921 2478 1102 2553 coniugibus
1113 2493 1150 2538 ac
1160 2478 1198 2537 ti-

216 2562 300 2622 beris
308 2561 397 2637 pauci
403 2561 525 2621 taciturn
532 2562 670 2624 dolorem
678 2562 889 2634 confluebant3
904 2562 1198 2638 exsecrationesque

217 2644 247 2703 in
263 2643 433 2719 agminibus
448 2645 706 2720 proficiscentium
719 2648 750 2707 in
764 2663 868 2722 regem
887 2647 1030 2708 vincente
1043 2647 1115 2708 odio
1130 2659 1197 2728 me·

218 2733 281 2788 tum
305 2727 556 2790 exaudiebantur.
584 2729 633 2790 his
654 2731 743 2792 ferox
768 2730 887 2792 animus
912 2745 1019 2792 omnes
1044 2729 1198 2805 horridae,

217 2810 318 2870 omnia
337 2813 407 2873 loca
422 2818 623 2890 temporaque
638 2821 785 2890 suspecta
798 2813 940 2875 habebat.
968 2820 1124 2891 postremo
1141 2828 1198 2872 ne-

215 2909 288 2969 gare
303 2897 460 2971 propalam
475 2897 577 2974 coepit
590 2897 667 2959 satis
681 2904 777 2960 tutum
787 2897 847 2959 sibi
859 2898 1023 2973 quicquam
1038 2913 1119 2969 esse,
1135 2895 1199 2956 nisi

215 2977 329 3038 liberos
349 2989 455 3040 eorum
470 2998 550 3056 quos
563 2981 768 3044 interfecisset
788 2982 1030 3058 comprehensos
1045 2980 1075 3041 in
1091 2986 1198 3040 custo·

163 3087 173 3103 s
218 3057 269 3119 dia
281 3061 407 3124 haberet
420 3071 451 3124 et
463 3072 601 3142 tempore
615 3066 707 3126 alium
722 3065 782 3128 alio
797 3067 926 3128 tolleret
968 3067 1011 3125 1v
1013 3107 1021 3123 .
1043 3080 1111 3125 eam
1125 3079 1198 3124 cru-

215 3145 384 3223 delitatem,
399 3148 521 3210 foedam
537 3165 592 3226 per
606 3165 656 3225 se,
672 3150 842 3213 foediorem
856 3151 946 3211 unius
961 3149 1072 3210 domus
1087 3146 1198 3207 clades

214 3228 295 3289 tecit.
324 3229 508 3293 Herodicum
523 3233 692 3310 principem
707 3234 925 3295 Thessalorum
939 3232 1042 3295 multis
1056 3240 1127 3293 ante
1141 3247 1199 3290 an·

215 3313 263 3373 nis
278 3313 447 3387 aceldema
463 3330 597 3391 generos
612 3333 737 3393 quoque
758 3319 825 3379 eius
845 3325 956 3394 postea
969 3315 1128 3378 interiecit.
1164 3314 1197 3375 iu

214 3396 359 3459 viduato
377 3397 501 3461 relictae
521 3399 604 3460 filiae
626 3401 765 3476 singulos
786 3401 869 3462 illios
890 3416 1006 3478 parvos
1029 3396 1182 3458 habentes

212 3478 379 3543 'llreoxena
393 3489 424 3543 et
443 3483 547 3544 Archo
570 3485 694 3545 nomina
713 3485 751 3545 iis
771 3490 858 3545 erant
877 3483 1065 3544 mulieribus.
1092 3480 1196 3541 Theo-

212 3576 291 3623 xena
307 3566 406 3627 multis
422 3567 594 3644 petentibus
609 3573 773 3645 aspernata
786 3566 909 3643 nuptias
923 3571 985 3626 esta
1013 3565 1117 3624 Archo
1135 3562 1200 3624 Po·
