2642 4017
268 320 387 381 LIBER
400 321 461 381 XL.
482 322 565 383 CAP.
580 331 624 387 17.
639 332 682 386 18.
695 332 738 387 19.
760 332 797 399 [1.
813 332 924 401 (1181]
1042 329 1085 394 69

103 473 211 535 damno
226 472 275 533 sit
298 469 389 547 legati
402 473 616 547 possessionis
630 470 680 535 ius
695 491 757 537 non
772 482 938 552 mutarunt,
960 494 1083 542 causam

101 556 248 633 integram
261 557 391 616 Romam
405 556 446 616 ad
460 563 600 618 senatum
614 555 796 620 reiecerunt.

182 640 217 699 ln
237 639 401 715 Ligrur'bus
422 636 496 700 nihil
516 648 627 716 postea
646 650 777 715 gesturo.
808 651 1003 706 recesserant
1022 645 1084 722 pri·
1196 695 1201 708 .

101 741 183 785 mum
196 723 228 783 in
242 723 351 784 devios
366 723 478 795 111111,
500 724 612 785 deinde
625 725 755 788 dimisso
770 727 907 788 exercitu
921 729 1038 805 possim
1052 731 1084 791 in

101 809 187 869 vicos
210 807 398 882 castellaque
417 822 476 866 sua
495 806 608 884 dilapsi
621 817 702 871 sunt.
736 813 881 872 consules
897 828 1024 888 quoque
1038 812 1084 875 di·

100 892 218 954 mittere
231 891 400 952 exercitum
413 892 585 967 voluerunt
600 909 638 954 ac
651 893 692 954 de
706 909 745 953 ea
758 910 794 955 re
805 901 909 970 patres
919 899 1083 959 consulue-

101 982 176 1036 runt.
204 975 333 1037 alterum
353 989 393 1035 ex
407 972 455 1034 bis
477 973 606 1037 dimisso
627 978 766 1039 exercito
785 980 826 1038 ad
841 980 1038 1055 magistratus
1052 981 1083 1041 in

100 1075 212 1120 annum
232 1059 384 1120 creandos
405 1059 511 1119 venire
524 1060 652 1121 Romam
673 1059 844 1138 iusserunt,
866 1064 993 1125 dterum
1013 1081 1084 1126 cum

99 1142 271 1219 legionibus
293 1141 358 1204 suis
371 1140 452 1203 Pisis
475 1141 619 1203 hiemare.
649 1145 730 1206 lama
744 1153 810 1207 erat
825 1146 929 1209 Gallos
941 1147 1083 1210 transal-

99 1227 190 1303 pinos
211 1226 397 1289 iuventutem
417 1242 554 1302 armare,
575 1242 633 1288 nec
652 1227 683 1288 in
699 1245 790 1304 quam
805 1230 963 1306 regionem
976 1231 1082 1293 ltaliae

99 1310 236 1372 effusura
255 1326 292 1371 se
310 1310 470 1371 multitudo
484 1317 570 1372 esset
583 1310 747 1375 sciebatur.
772 1313 815 1375 ita
827 1313 907 1378 inter
920 1329 956 1375 se
970 1329 1081 1377 consu·

98 1396 144 1455 les
165 1401 395 1469 compararunt,
415 1398 449 1455 ut
463 1394 517 1455 cn.
531 1394 666 1456 Baebius
683 1398 724 1457 ad
739 1397 861 1458 comitia
874 1398 939 1471 iret,
955 1398 1027 1474 quia
1040 1397 1081 1459 M.

97 1476 230 1541 Baebius
245 1479 338 1538 irater
351 1476 419 1539 eius
436 1480 629 1540 consulatum
645 1480 777 1555 petebat.

181 1562 289 1622 XVlll.
311 1559 438 1623 comitia
457 1562 637 1624 consulibus
657 1563 804 1638 rogandis
820 1564 919 1623 lueres
941 1564 1034 1624 creati
1046 1562 1080 1624 P.

98 1646 257 1707 cornelius
268 1645 419 1721 cethegus
429 1645 470 1707 M.
481 1646 615 1707 Baebius
624 1645 813 1721 Tamphilus.
835 1652 994 1723 praetores
1009 1648 1081 1708 inde

97 1728 170 1791 tacti
190 1727 417 1805 1111011111,
436 1729 589 1790 Maximus
604 1739 635 1792 et
647 1731 760 1804 Buteo,
780 1730 823 1791 11.
840 1729 984 1793 claudius
999 1732 1080 1793 Nero

97 1814 132 1888 Q.
146 1811 282 1875 Petillius
300 1813 451 1890 Spurinus
464 1814 506 1874 M.
524 1813 664 1874 Pinarius
678 1814 778 1876 Posca
791 1815 824 1875 L.
839 1815 1003 1877 Duronius.
1030 1816 1080 1877 his

96 1897 172 1958 inito
188 1897 366 1973 magistratu
384 1898 563 1973 provinciae
583 1897 626 1960 ita
645 1905 730 1960 sorte
749 1905 930 1960 evenerunn
951 1900 1079 1975 ligures

97 1982 294 2056 consulibus,
315 1979 507 2057 praetoribus
522 1980 688 2055 111111
703 1984 835 2053 urbana,
858 1982 1079 2057 11111111·

95 2066 181 2125 ximo
196 2066 372 2140 peregrina,
393 2065 428 2139 Q.
441 2065 537 2126 Fabio
552 2066 683 2127 Buteoni
697 2065 809 2139 Gallia,
822 2066 865 2127 Ti.
882 2066 1007 2127 claudio
1021 2065 1080 2125 Ne·

95 2147 166 2209 roni
183 2147 301 2223 Sicilia,
321 2149 363 2209 M.
376 2148 496 2209 Pinario
518 2148 675 2227 Sardinia,
696 2151 730 2210 L.
745 2148 882 2212 Duronio
900 2150 1029 2226 Apulia;
1050 2155 1081 2230 et

94 2232 192 2294 Histri
210 2232 336 2306 adiecti,
364 2233 449 2309 quod
468 2233 622 2294 Tarentini
641 2232 882 2310 Brundisinique
901 2233 1081 2295 nuntiabant

94 2316 264 2377 maritimos
285 2332 377 2392 agros
394 2317 525 2378 infestos
538 2318 810 2378 transmarinarum
823 2318 946 2378 navium
958 2318 1080 2378 lotroci·

94 2401 155 2461 niis
178 2415 259 2461 esse.
290 2401 400 2462 eadem
412 2400 624 2463 Massilienses
645 2403 685 2462 dc
697 2401 840 2476 Ligurum
859 2399 990 2462 navibus
1005 2415 1080 2475 que·

93 2486 254 2546 rebantur.
282 2485 435 2546 exercitus
454 2484 528 2545 inde
542 2484 667 2545 decreti.
697 2492 840 2562 quattuor
852 2484 992 2561 legiones
1007 2498 1080 2544 con·

95 2570 199 2643 sulca,
222 2566 314 2642 quina
334 2566 417 2629 milia
437 2569 576 2631 ducenos
596 2570 754 2630 Romanos
775 2570 910 2646 pedites,
937 2575 1080 2630 trecenos

93 2652 247 2713 haberent
260 2653 388 2728 equites,
403 2659 433 2714 et
448 2649 624 2729 quindecim
637 2653 722 2714 milia
735 2653 854 2715 socium
865 2669 903 2714 ac
911 2650 1010 2713 Latini
1024 2667 1080 2713 uo·

92 2736 197 2812 urinis,
213 2734 405 2812 octingentos
420 2735 548 2813 equites.
570 2737 602 2796 in
613 2736 769 2813 Hispaniis
785 2743 983 2813 prorogatum
996 2744 1080 2797 vete·

91 2820 182 2881 ribus
203 2820 396 2895 praetoribus
409 2821 571 2896 imperium
584 2828 633 2882 est
648 2837 718 2883 eum
732 2821 918 2882 exercitibus
933 2835 1012 2894 quos
1026 2819 1081 2879 ha·

91 2904 220 2977 herent,
236 2904 310 2964 etin
324 2906 571 2986 supplementum
586 2904 712 2965 decreta
724 2903 877 2965 1111111111
891 2900 1004 2964 civium
1018 2902 1079 2963 Ro·

92 3003 272 3062 manorum,
294 2987 416 3049 ducenti
427 2987 565 3064 equites,
589 2994 620 3049 et
633 2987 753 3049 socium
765 2987 864 3048 Latini
877 2985 1009 3048 nominis
1023 3002 1081 3048 sex

92 3071 180 3131 milia
191 3071 335 3145 pediturn,
343 3071 470 3133 trecenti
477 3070 606 3147 equites.
622 3087 681 3133 nec
691 3070 737 3131 rei
743 3070 861 3131 navalis
873 3086 948 3132 cura
954 3070 1079 3132 omissa.

94 3154 278 3216 duumviros
293 3155 324 3215 iu
345 3170 414 3216 earn
431 3171 497 3215 rem
517 3156 663 3217 consules
684 3169 790 3215 creare
810 3153 902 3229 iussi,
923 3169 981 3230 per
1000 3169 1080 3230 quos

92 3254 195 3299 naves
217 3239 324 3315 viginti
350 3239 501 3301 deductae
525 3239 685 3300 navalibus
710 3237 804 3300 sociis
830 3238 948 3300 civibus
968 3238 1080 3299 Roma·

91 3322 156 3394 nis,
172 3322 225 3399 qui
239 3323 415 3384 servitutem
429 3322 608 3397 servissent
625 3323 860 3400 complerentur,
875 3321 999 3398 ingenui
1014 3330 1080 3381 tan·

92 3412 161 3467 turn
173 3413 209 3468 ut
220 3406 260 3468 iis
280 3413 470 3482 praeessent
505 3406 583 3468 inter
603 3406 782 3468 duumviros
796 3405 839 3468 ita
853 3405 952 3467 divisa
966 3402 1080 3463 tuenda

92 3490 187 3551 denis
208 3490 339 3552 navibus
359 3489 508 3551 maritima
523 3506 592 3565 ora,
613 3498 647 3551 ut
660 3490 902 3567 promontorium
916 3488 955 3547 iis
967 3485 1080 3545 Miner-

91 3590 156 3635 vae
176 3575 261 3635 velut
278 3574 371 3635 cordo
386 3574 416 3634 in
431 3574 532 3635 medio
553 3581 653 3642 esset;
681 3575 758 3635 alter
771 3573 845 3633 inde
857 3573 996 3631 dextram
1011 3584 1081 3644 par·
