2642 4017
288 299 729 363 cornupetarum.
754 307 790 375 [a.
803 307 835 360 c.
850 304 911 381 m]
1038 304 1100 368 145

116 448 270 527 peditum,
293 454 413 508 centum
427 455 459 512 et
473 449 693 524 quinquaginta
708 450 828 525 equites
843 450 874 512 in
889 453 1042 516 Romanas
1057 455 1100 516 le-

115 533 240 609 glones=
266 531 296 590 in
317 531 464 592 socialem
484 531 651 594 exercitum
672 534 809 610 quinque
823 536 905 595 milia
918 537 1055 616 peditum
1070 544 1102 599 et

114 621 272 677 trecentos
292 617 413 690 equites
427 616 579 691 imperare
593 617 689 678 sociis
703 615 791 679 iussi.
819 618 880 680 hoc
895 620 1054 697 copiarum
1069 621 1101 682 in

114 698 284 775 Hispanias
299 714 369 759 cum
383 698 577 774 praetoribus
593 700 683 762 novis
700 707 854 775 portatum
868 711 926 765 est.

200 781 278 841 xlx.
298 782 417 843 Eodem
432 798 521 856 anno,
538 783 610 859 quia
623 799 681 860 per
694 785 936 860 recognitionem
950 786 1097 850 Postumii

115 864 255 928 consulis
276 881 386 940 magna
408 882 480 941 pars
502 866 568 941 agri
590 867 751 943 campani,
784 883 876 945 quem
897 871 1009 946 privati
1031 872 1099 932 sine

53 1021 57 1027 ¹
115 948 292 1011 discrimine
312 949 429 1025 passim
450 950 671 1026 possederant,
692 959 876 1028 recuperata
896 953 927 1014 in
943 953 1098 1030 publicum

26 1050 30 1054 ’
114 1041 190 1108 erat,
208 1032 249 1091 M.
264 1032 424 1094 Lucretius
438 1034 578 1095 tribunus
594 1034 694 1110 plebis
709 1037 925 1112 promulgavit,
944 1046 978 1100 ut
991 1054 1099 1115 agrum

115 1117 304 1191 Campanum
320 1131 467 1179 censores
482 1118 646 1178 fruendum
659 1119 806 1195 locarent,
822 1122 907 1197 quod
926 1122 1039 1183 lactum
1053 1129 1098 1184 tot

114 1198 205 1261 annis
220 1209 293 1275 post
306 1208 427 1275 captam
442 1200 577 1277 capuam
593 1218 653 1263 uon
670 1203 778 1278 luerat,
798 1206 875 1266 utin
891 1221 990 1267 vacuo
1006 1222 1098 1282 vaga·

112 1290 200 1344 retur
212 1283 366 1359 cupiditas
381 1285 579 1359 privatorum.

201 1368 275 1429 cum
296 1368 327 1427 in
348 1370 580 1443 exspectatione
601 1377 727 1432 senatus
749 1377 834 1431 esset
853 1371 934 1432 bello
956 1372 1014 1432 elsi
1034 1388 1097 1432 uon

113 1452 240 1526 indicto,
260 1451 435 1513 lamoniam
450 1453 589 1524 decreto,
614 1456 667 1528 qui
683 1469 791 1529 regum
804 1469 902 1529 suain,
923 1454 1029 1516 Persei
1045 1454 1099 1529 qui

113 1535 251 1596 secuturi
263 1533 424 1596 amicitiam
436 1543 551 1612 essent,
566 1538 657 1611 legati
669 1535 847 1609 Ariarathis,
863 1552 992 1612 puerum
1003 1537 1098 1598 filium

111 1620 198 1694 regis
213 1634 317 1680 secum
333 1618 531 1699 adducentes,
553 1620 684 1681 Romam
696 1625 862 1688 venerunt;
886 1636 1016 1694 quorum
1030 1637 1092 1681 ora·

111 1704 157 1763 tio
173 1702 236 1776 luit
258 1718 363 1778 regem
378 1703 572 1764 educendum
586 1701 682 1764 filium
695 1703 824 1764 Romam
837 1703 971 1779 misisse,
990 1712 1024 1765 ut
1036 1705 1098 1764 iam

112 1786 189 1855 inde
200 1803 220 1847 a
231 1802 327 1861 puero
339 1787 541 1848 adsuesceret
551 1786 687 1848 moribus
694 1786 842 1848 Romanis
849 1787 1096 1865 hominibusque.

112 1878 235 1946 petere,
257 1877 292 1930 ut
305 1885 374 1931 eum
395 1887 458 1932 non
477 1871 536 1932 sub
557 1870 713 1946 hospitam
734 1871 826 1934 modo
842 1872 1031 1948 privatorum
1046 1889 1095 1933 cu-

113 1954 232 2029 stodia,
254 1955 311 2015 sed
332 1954 474 2031 publicae
494 1955 585 2016 etlam
604 1969 697 2015 curae
711 1970 748 2014 ac
762 1956 846 2016 velut
858 1957 971 2017 tutelae
985 1957 1099 2017 vellent

112 2053 198 2097 esse.
226 2054 264 2099 ea
276 2038 359 2113 regis
374 2038 486 2114 legatio
502 2045 590 2114 grata
604 2038 723 2099 senatui
738 2038 810 2108 luit;
833 2039 1043 2113 decreverunt,
1065 2048 1113 2099 ut‘

114 2121 170 2181 Cn.
192 2119 323 2182 Sicinius
344 2129 468 2198 praetor
486 2123 582 2183 aedes
601 2123 767 2183 instructas
789 2124 919 2197 locaret,
942 2123 994 2182 ubi
1015 2122 1097 2184 filius

114 2203 199 2279 regis
213 2206 404 2282 comitesque
418 2207 486 2267 eius
500 2205 637 2267 habitare
651 2213 791 2282 possent.
814 2212 845 2266 et
854 2207 1003 2266 unacum
1014 2207 1097 2281 lega·

113 2287 157 2348 tis
169 2287 266 2363 ”que
278 2287 342 2350 et**
356 2290 535 2350 societatum
547 2289 772 2366 amicitiamque
782 2288 958 2366 petentibus
970 2296 1001 2350 et
1012 2291 1098 2365 quod

113 2373 261 2448 petebant
274 2372 383 2434 datum
393 2380 455 2448 est,
476 2381 507 2433 et
524 2389 651 2434 munera
670 2374 775 2439 binum
790 2373 905 2433 milium
919 2373 1000 2435 aeris
1015 2389 1096 2433 sum·

114 2471 185 2515 mae
196 2456 226 2515 in
238 2457 378 2532 singulos
390 2456 495 2518 missa.
513 2456 571 2519 hos
582 2459 689 2534 utique
700 2459 845 2533 populos,
862 2457 948 2533 quod
960 2457 999 2517 ab
1010 2463 1096 2531 tergo

112 2539 315 2601 Macedoniae
328 2540 457 2601 Thracia
471 2547 564 2616 esset,
588 2542 769 2618 adsumptos
784 2541 815 2602 in
831 2542 1009 2602 societatem
1023 2555 1097 2615 gau·

116 2623 239 2684 debant.
260 2623 317 2683 sed
331 2631 365 2684 ul
378 2625 409 2683 ln
423 2624 500 2685 Asia
515 2641 640 2701 quoque
655 2622 686 2686 et
699 2625 808 2687 insulis
823 2626 984 2700 explorata
994 2625 1098 2685 omnia

115 2714 237 2782 essent,
258 2707 302 2766 Ti.
318 2707 477 2769 Claudium
496 2709 648 2770 Neronem
668 2708 708 2767 Μ.
724 2708 891 2770 Decimium
908 2709 1026 2783 legatos
1041 2708 1095 2767 mi·

115 2798 233 2851 serunt.
255 2791 341 2851 adire
356 2807 412 2853 eos
428 2791 546 2852 Cretam
561 2800 592 2853 et
604 2791 748 2853 Rhodum
762 2793 928 2865 iusserunt,
944 2791 1095 2852 simulne

114 2890 232 2935 novare
247 2873 425 2947 amicitiam,
447 2872 537 2935 simul
552 2874 721 2951 speculari,
746 2891 819 2935 num
836 2874 990 2935 sollicitati
1005 2875 1097 2935 animi

115 2958 274 3019 sociorum
289 2957 327 3017 ab
342 2973 415 3033 rege
428 2958 542 3019 Perseo
557 2965 672 3019 essent.

199 3042 263 3102 XX.
291 3043 326 3100 ln
353 3057 508 3116 suspensa
535 3041 657 3102 civitate
678 3042 719 3102 ad
739 3040 1003 3116 exspectationem
1023 3042 1097 3103 novi

114 3125 203 3200 belli,
225 3130 376 3186 nocturna
395 3131 577 3200 tempestate
598 3125 742 3185 columna
754 3132 887 3187 rostrata
902 3125 931 3185 iu
947 3125 1095 3201 capitolio

112 3207 196 3269 bello
216 3208 332 3270 Punico
354 3207 388 3246 **
404 3210 556 3284 consulis,
581 3209 631 3270 cui
653 3209 773 3284 collega
793 3208 859 3270 Ser.
880 3209 1007 3271 Fulvius
1031 3210 1098 3283 luit,

113 3299 179 3352 tota
198 3292 237 3352 ad
257 3293 351 3354 imum
372 3293 497 3354 fulmine
518 3294 662 3354 discussa
677 3299 733 3354 est.
762 3309 799 3354 ea
812 3309 864 3353 res
879 3293 1011 3370 prodigii
1026 3295 1098 3353 loco

55 3387 59 3392 ’
115 3375 219 3436 habita
233 3377 273 3437 ad
288 3383 427 3438 senatum
440 3379 537 3438 relata
549 3385 611 3439 est:
632 3384 737 3452 patres
752 3385 783 3437 el
796 3378 837 3438 ad
851 3377 1031 3450 haruspices
1048 3391 1099 3435 re·

115 3459 197 3518 terre
217 3469 248 3520 et
268 3461 461 3522 decemviros
477 3461 563 3521 adire
576 3461 672 3521 libros
687 3461 851 3522 iusserunt.
873 3457 1036 3520 decemviri
1051 3457 1097 3517 lu-

116 3543 275 3603 strandum
286 3545 443 3621 oppidum,
459 3543 1030 3620 supplicationemobsecrationemque
1042 3539 1098 3597 ha-

161 3642 187 3683 r.
203 3642 265 3685 mvi
279 3643 356 3686 rans
369 3627 409 3686 V.
855 3632 890 3683 10
