2642 4017
220 307 263 370 40
370 302 487 364 LIBER
497 302 629 363 xxxix.
650 301 732 361 car.
747 306 791 360 tr.
802 305 847 360 ta.
870 303 906 373 [a.
919 303 954 356 u,
967 320 991 355 c.
1004 303 1068 371 sce]

222 463 341 536 patrum
364 470 521 517 consensu
539 451 708 525 triumphus
729 457 779 510 est
796 451 948 511 decretus.
983 451 1069 525 prior
1090 451 1121 512 G.
1139 453 1204 513 Gal·

223 538 352 620 purnius
378 539 417 598 de
436 536 588 598 Lusitanis
610 541 640 593 et
660 534 816 593 Celtiberis
837 532 1044 608 triumphavits
1072 550 1206 597 coronas

224 642 333 689 aureas
358 623 425 684 tulit
445 618 598 692 octoginta
617 624 680 677 tres
702 623 732 678 et
751 618 914 680 duodecim
930 618 1013 677 milia
1032 619 1136 694 pondo
1157 635 1207 678 ar·

224 710 316 787 genti.
341 719 459 782 paucos
480 706 551 777 post
569 700 637 762 dies
649 700 684 759 L.
699 700 854 774 Quinctius
870 700 1029 775 Crispinus
1043 717 1082 762 ex
1096 701 1206 762 iisdem

224 791 376 855 Lusitanis
389 785 609 860 celtiberisque
622 783 832 859 triumpharitr
847 784 1024 845 tantundem
1036 782 1206 860 amicique

225 874 341 952 argenti
355 872 385 931 in
399 886 437 931 eo
452 867 606 943 triumpho
623 870 800 943 praelatum.

309 957 460 1016 censores
480 952 521 1012 M.
538 952 666 1012 Porcius
685 958 716 1011 et
728 951 762 1011 L.
775 951 918 1011 veterius
938 961 1020 1012 metu
1040 951 1133 1011 mixta
1153 967 1207 1012 ex·

225 1039 414 1117 spectatione
434 1042 574 1098 senatum
594 1037 748 1110 legerunt3
771 1041 890 1109 septem
908 1042 1071 1095 moverunt
1090 1042 1207 1109 senatu,

225 1140 264 1185 en
285 1121 397 1198 quibus
420 1136 511 1182 unum
531 1118 681 1194 insignem
702 1125 733 1179 et
751 1116 907 1179 nobilitate
926 1126 957 1180 et
975 1116 1152 1178 bonoribus.
1173 1118 1217 1178 t.-

226 1204 396 1281 Quiuctium
406 1204 606 1265 Flamininum
617 1203 819 1263 consularem.
836 1210 956 1277 patrum
967 1200 1207 1262 aremorieinsti·

226 1296 322 1351 tutum
337 1290 439 1360 fertur,
453 1295 487 1349 ut
500 1302 646 1348 censores
661 1285 752 1348 motis
767 1292 877 1347 senatu
886 1284 1097 1346 adscriberent
1106 1292 1207 1346 noma.

226 1373 349 1434 Catonis
370 1379 401 1433 et
414 1373 492 1432 aliae
511 1370 633 1446 quidem
648 1370 780 1430 acerbae
794 1369 948 1430 orationes
963 1375 1086 1429 exstant
1098 1368 1128 1428 in
1143 1384 1208 1443 eos,
1241 1420 1243 1422 ,

227 1473 308 1533 quos
329 1462 381 1516 aut
401 1453 555 1515 senatorio
573 1454 643 1515 loco
659 1454 756 1514 movit
774 1462 825 1515 aut
840 1453 951 1528 quibus
966 1468 1066 1528 equos
1080 1453 1208 1513 ademitz

227 1541 318 1616 longe
332 1538 515 1614 gravissima
526 1537 558 1598 in
571 1536 605 1595 L.
621 1535 790 1610 Quinctium
806 1538 902 1598 oratio
917 1543 979 1606 est,
1002 1554 1063 1611 qua
1077 1537 1104 1596 si
1119 1551 1208 1596 accu-

228 1632 312 1685 sator
326 1631 394 1684 ante
409 1630 522 1696 notam,
535 1638 597 1682 non
613 1637 725 1681 censor
740 1627 813 1696 post
825 1628 928 1680 notam
940 1636 1016 1679 usus
1029 1628 1123 1693 esset,
1136 1618 1209 1680 reti·

228 1722 301 1768 nere
312 1706 345 1765 L.
359 1703 529 1779 Quinctium
544 1705 574 1764 in
589 1713 699 1765 senatu
712 1720 753 1764 ue
762 1705 854 1764 irater
866 1704 990 1778 quidem
998 1705 1030 1763 T.
1043 1703 1210 1778 Quinctius,

227 1791 331 1852 situm
347 1805 459 1849 censor
471 1795 565 1864 esset
580 1789 742 1863 potuisset
763 1788 841 1848 inter
857 1794 960 1847 cetera
974 1787 1086 1848 obiecit
1098 1787 1127 1847 ci
1140 1787 1209 1846 Phi-

228 1874 342 1950 lippum
363 1873 515 1947 Poenum,
537 1888 640 1932 carum
659 1886 696 1931 ac
717 1871 819 1933 nobile
840 1878 992 1943 scortum,
1009 1870 1161 1932 ablioma
1180 1870 1210 1929 in

228 1958 354 2019 Galliam
373 1957 562 2033 provinciam
583 1971 641 2029 spe
661 1953 829 2028 ingentium
849 1955 999 2015 donorum
1020 1955 1209 2028 perductum.

227 2057 297 2103 eum
312 2057 455 2116 puerum,
471 2055 527 2115 per
541 2037 697 2098 lasciviam
712 2054 782 2098 curn
795 2039 1000 2112 cavillaretur,
1023 2038 1211 2112 exprobrare

228 2122 347 2185 consuli
367 2137 522 2197 persaepe
540 2120 679 2194 solitum,
700 2123 785 2195 quod
805 2122 864 2182 sub
885 2123 988 2197 ipsum
1002 2124 1211 2196 spectaculum

226 2206 438 2282 gladiatorium
452 2204 603 2266 abductus
617 2204 655 2264 ab
667 2205 765 2265 Roma
778 2213 871 2280 essct,
886 2213 920 2266 ut
933 2205 1115 2281 obsequium
1128 2222 1210 2264 ama·

226 2289 284 2351 tori
305 2290 439 2350 iactaret.
476 2290 555 2350 forte
573 2289 767 2365 epulantibus
788 2288 841 2363 iis,
863 2306 932 2350 cum
954 2290 1014 2349 iam
1032 2290 1108 2348 vino
1127 2286 1210 2348 iaca-

226 2375 371 2449 luissent,
392 2372 561 2434 nuntiatum
580 2373 610 2433 in
626 2373 766 2433 convivio
785 2389 857 2435 esse
871 2374 1004 2434 nobilem
1017 2373 1126 2433 Boium
1141 2387 1210 2432 eam

226 2457 330 2519 liberis
344 2458 536 2531 transfugam
548 2457 687 2528 venisse;
711 2458 875 2519 convenire
889 2459 1047 2518 consulem
1058 2457 1156 2529 uella
1177 2462 1211 2517 ut

228 2542 266 2601 ab
282 2557 319 2601 eo
334 2541 427 2600 fidem
447 2555 595 2615 praesens
611 2541 774 2616 acciperet
807 2541 1015 2602 introductum
1025 2541 1055 2600 in
1070 2541 1210 2602 taberna·

227 2624 330 2684 culum
351 2639 407 2699 per
427 2624 621 2698 interpretem
635 2625 762 2700 adloqui
777 2626 934 2685 consulem
950 2622 1103 2700 coepisse.
1132 2623 1210 2686 inter

227 2706 318 2767 cuius,
330 2722 503 2767 sermonem
518 2706 675 2780 Quinctius
690 2717 795 2769 scorto
808 2709 876 2783 „uis
890 2713 952 2781 tu“‚
973 2709 1074 2783 inquit
1091 2724 1209 2783 „quun-

225 2790 286 2850 iam
299 2789 510 2864 gladiatorium
525 2793 734 2865 spectaculum
748 2791 908 2867 reliquisti,
922 2791 984 2852 iam
996 2793 1078 2853 hunc
1093 2792 1211 2852 Gallum

225 2873 403 2934 morientem
417 2874 522 2936 videre
529 2881 564 2932 t“
586 2882 617 2935 et
631 2891 699 2935 eum
714 2874 742 2936 is
753 2876 879 2936 vixdum
891 2874 973 2936 serio
986 2874 1154 2948 adnuisset,
1171 2874 1210 2934 ad

224 2965 330 3017 nutum
356 2958 448 3018 scorti
474 2959 632 3019 consulem
658 2959 764 3019 stricto
785 2959 904 3034 gladic,
932 2959 984 3034 qui
1003 2974 1099 3034 super
1118 2962 1211 3033 caput

225 3040 385 3115 pendebat,
399 3042 533 3116 loquenti
543 3042 627 3103 Gallo
641 3050 733 3117 caput
744 3045 873 3117 primum
885 3042 1090 3119 percussisse,
1098 3040 1210 3101 deinde

225 3122 349 3198 fugienti
363 3124 518 3200 fidemque
533 3127 639 3201 populi
652 3127 781 3187 Romani
794 3135 888 3202 atoue
902 3142 1008 3188 eorum
1019 3125 1210 3201 qniadcrant

225 3206 395 3282 imploranti
416 3209 494 3270 latus
510 3210 723 3270 transfodisse.
751 3209 853 3270 XIlll.
875 3211 1019 3271 Valerius
1033 3209 1157 3282 Anum,
1177 3212 1210 3268 ul

226 3291 278 3367 qui
292 3307 350 3351 nec
365 3292 533 3353 orationem
549 3293 673 3354 catonis
691 3293 818 3368 legisset
832 3300 864 3355 ct
877 3294 998 3354 tabulae
1013 3300 1128 3354 tantum
1142 3291 1209 3352 sine

223 3381 347 3436 auctore
358 3376 458 3437 editae
470 3374 662 3451 credidisset
674 3376 758 3438 eliud
768 3384 986 3453 manusculum
999 3377 1098 3437 sirnile
1108 3383 1208 3436 umen

224 3466 254 3521 et
273 3457 390 3521 libidini
410 3466 440 3520 et
455 3460 624 3522 crudelitati
638 3462 764 3537 peragit.
791 3461 968 3521 Placentiae
979 3461 1128 3522 famosam
1141 3474 1207 3518 mu·

223 3543 341 3612 lienem,
363 3543 451 3605 cuius
472 3559 578 3605 amore
597 3544 766 3622 depmiret,
788 3545 819 3604 in
841 3543 1014 3604 convivium
1029 3541 1206 3604 arcessitam
