2642 4017
274 258 387 319 tlsssstt
400 259 461 319 XL.
484 259 567 320 οΑΡ.
583 270 627 322 ar.
642 269 686 323 sa.
710 268 746 335 [a
763 268 796 321 c.
813 269 875 337 rra]
1020 259 1064 326 st

163 410 212 471 Ll.
233 411 387 472 Censores
400 411 482 471 fideli
493 412 811 479 concordiaseuatum
824 417 970 490 legerunt
985 419 1067 493 priu-

84 511 155 571 ceps
170 497 272 556 lectus
288 502 338 556 est
351 495 420 569 ipse
433 510 546 556 censor
558 495 598 556 Μ.
614 495 764 558 Aemilius
778 498 915 574 Lepidus
930 501 1068 576 pontilex

83 580 249 640 maximus:
271 586 335 639 tres
355 578 443 638 eiecti
463 577 504 639 de
524 587 649 650 senatm
672 581 795 643 retinuit
813 582 965 658 quosdam
978 584 1067 661 Lepi·

83 663 139 723 dus
154 663 310 737 acollega
328 661 520 738 praeteritos.
546 679 642 740 opera
661 679 702 724 err
722 667 854 740 pecunia
868 667 1010 729 attributa
1024 669 1067 729 dl·

82 747 211 823 meaque
238 747 319 806 inter
344 762 380 806 se
400 744 476 807 haec
495 748 703 809 coniecerunt.
738 748 874 825 Lepidus
896 752 1006 811 molem
1027 752 1066 811 nd

80 831 292 902 Tarracinam,
317 828 468 905 ingratum
489 846 586 907 epus,
612 832 698 906 qued
718 833 846 908 praedia
866 832 999 895 hahebat
1018 834 1067 909 ibi,

82 916 297 990 privatamque
312 913 453 990 publicae
467 915 512 975 rei
527 915 698 992 impensam
708 917 895 989 inserueram
917 917 1067 980 theatrum

80 1007 109 1058 et
122 999 324 1073 proscenium
340 998 379 1057 ad
393 996 556 1073 Apollinis,
571 999 681 1061 aedem
695 999 779 1061 lovis
793 999 824 1061 ln
840 1000 999 1078 Capitolio,
1015 1018 1066 1063 co·

80 1083 265 1159 lumnasque
284 1080 366 1145 drea
380 1082 542 1156 poliendas
556 1082 627 1145 albo
642 1084 769 1154 locavita
791 1092 823 1145 et
836 1085 876 1145 ab
890 1085 938 1147 his
952 1087 1067 1147 cotum·

56 1219 62 1229 .
80 1167 139 1241 uls,
156 1170 241 1247 quae
257 1165 450 1226 incommode
464 1165 609 1242 opposita
622 1166 818 1242 videbantur,
841 1169 930 1246 dgna
944 1170 1066 1244 amovit,

81 1252 244 1327 clipeaque
261 1251 300 1310 de
316 1249 466 1310 columnis
482 1257 512 1311 et
526 1251 614 1327 signa
627 1251 768 1312 militaria
780 1251 885 1313 addua
899 1253 999 1315 omnis
1014 1269 1065 1328 ge-

80 1336 160 1395 neris
181 1335 327 1409 dempsit.
358 1331 399 1392 bl.
413 1333 539 1395 Fulvius
559 1336 647 1410 plura
668 1335 836 1397 etmalorio
852 1336 967 1397 locavit
979 1352 1066 1410 usus,

81 1427 201 1492 portum
225 1425 258 1479 et
277 1418 356 1492 pilas
378 1419 481 1492 pontis
499 1417 531 1477 in
546 1416 693 1493 Tibcmn,
715 1419 826 1495 quibus
848 1420 917 1494 pilis
932 1420 1066 1481 lomiccs

80 1511 151 1576 post
169 1503 293 1578 aliquot
313 1517 412 1562 annos
434 1502 465 1560 Ρ.
488 1500 592 1578 Scipio
612 1502 778 1563 amoenus
799 1509 831 1563 et
847 1503 884 1562 t„
903 1502 1066 1564 Mummius

81 1601 229 1647 censeres
252 1586 432 1646 locaverunt
451 1585 672 1661 imponendam
694 1586 853 1646 basilicam
871 1592 944 1661 post
958 1602 1066 1662 argen-

81 1671 171 1732 tarios
198 1685 300 1732 notas
326 1677 357 1730 ct
377 1671 476 1730 iorum
496 1668 696 1745 piscatorium
718 1669 911 1730 circumdetis
931 1668 1066 1731 tabernis

82 1771 156 1828 quas
176 1751 320 1815 verididit
337 1754 367 1814 lu
388 1753 555 1828 privatuma
577 1761 608 1814 et
623 1754 737 1828 lorum,
757 1760 791 1813 et
810 1752 961 1828 porticum
975 1762 1062 1816 extra

83 1847 199 1910 portam
219 1836 437 1913 ungentum,
463 1845 496 1897 et
514 1836 604 1898 alium
623 1846 699 1912 post
721 1837 842 1899 noraha
863 1844 894 1898 et
907 1838 947 1898 ad
963 1840 1064 1900 lanum

82 1919 219 1984 Herculis
238 1929 269 1982 et
284 1928 357 1996 post
370 1920 444 1996 Spei
458 1921 498 1981 ad
512 1919 643 1981 Tiberim
658 1921 766 1982 aedem
779 1920 932 1996 hpollinis
945 1922 1064 1982 medici.

82 2004 215 2067 habuere
230 2014 263 2067 et
276 2006 306 2065 in
322 2006 499 2082 promiscuo
511 2012 671 2080 praeterea
682 2005 859 2080 pmuntams
878 2019 918 2064 ex
934 2020 971 2064 ea
984 2019 1065 2064 com·

82 2088 210 2151 muniter
230 2092 372 2171 locarunt
386 2105 497 2164 aquam
513 2087 726 2150 abducendum
740 2087 939 2164 fornicesque
953 2087 1064 2148 lacien·
1141 2114 1145 2120 ·

82 2172 148 2232 dos.
176 2173 395 2250 impedimento
411 2173 497 2248 operi
513 2174 568 2234 luit
580 2172 620 2232 ld.
635 2171 759 2235 Licinus
774 2172 921 2246 crassus,
944 2169 997 2248 qui
1011 2187 1067 2247 per

83 2255 207 2318 landrum
227 2274 319 2318 suum
340 2256 413 2318 duci
434 2273 495 2316 non
517 2264 566 2318 est
584 2273 709 2332 passus.
740 2255 876 2334 pomeria
897 2264 1066 2332 quoquest

82 2340 243 2417 vectigalia
273 2341 364 2402 iidem
395 2342 488 2401 multa
518 2339 722 2402 instituerunt
763 2341 923 2414 complura
952 2338 1066 2399 sacella

84 2424 219 2500 publica,
238 2440 317 2500 quae
330 2426 451 2486 luerunt
465 2432 617 2500 occupata
631 2442 650 2485 a
665 2423 809 2501 privatis,
825 2423 949 2499 publica
962 2437 1064 2483 sacra·

84 2524 141 2581 que
155 2517 187 2569 ut
202 2516 309 2569 essert
323 2515 523 2584 paterentque
534 2511 650 2585 populo
662 2515 814 2571 curarunt.
835 2514 988 2570 mumnmt
1001 2507 1064 2567 sui-

83 2590 191 2666 lragla‚
218 2593 465 2668 regionatimque
484 2592 647 2667 generibus
670 2594 826 2655 hominum
848 2592 1015 2668 causisque
1035 2599 1066 2651 et

85 2679 262 2748 quaestibus
277 2677 375 2738 tribus
390 2674 628 2752 descripserunt.
656 2677 717 2737 Lll.
740 2686 771 2738 et
783 2679 860 2739 alter
874 2694 913 2740 ex
927 2675 1064 2737 censori·

84 2756 140 2818 hus
165 2761 205 2821 M.
227 2761 379 2822 Aemilius
407 2760 491 2836 petiit
516 2760 556 2820 ab
577 2768 699 2835 senatu,
723 2768 758 2822 ut
783 2760 841 2821 sibi
863 2759 1065 2821 dedicationis

85 2844 397 2920 templorumreginae
408 2844 533 2905 lunonis
545 2843 710 2918 stilicone,
723 2859 801 2920 quae
815 2843 895 2906 bello
906 2843 1064 2918 Ligustino

87 2935 153 2986 ante
170 2945 270 2990 annos
286 2937 356 2991 octo
371 2929 518 3002 vovisset,
535 2929 667 3002 pecunia
680 2928 720 2988 ad
733 2928 825 2988 ludos
840 2928 1063 2988 decerneretur.

85 3008 186 3083 viginti
197 3012 592 3074 miliaasrisdecreveruut
610 3012 829 3072 dedicaviteas
840 3010 1064 3084 cadeautram-

87 3103 144 3162 que
164 3094 194 3156 in
217 3097 299 3157 circo
320 3095 482 3170 Flaminio,
503 3096 657 3171 ludosque
678 3094 820 3157 scenicos
839 3094 973 3156 trlduum
994 3104 1067 3172 post

88 3173 305 3240 dedicationem
321 3179 425 3256 templi
439 3178 573 3251 lunonis,
588 3180 715 3241 biduum
731 3177 940 3255 postolando,
958 3189 989 3242 et
1003 3180 1064 3242 siu·

87 3259 172 3329 &llos
194 3264 261 3324 dies
282 3263 353 3324 iecit
372 3265 402 3324 in
422 3264 514 3324 circo.
549 3263 630 3324 idem
650 3263 805 3325 dedicavit
821 3264 928 3325 aedem
942 3265 1065 3324 Larium

90 3347 287 3412 permarinum
307 3346 338 3407 iu
354 3348 479 3424 Campo.
510 3355 638 3409 voverat
652 3364 720 3409 eam
734 3348 823 3409 anuis
838 3347 980 3410 undecim
995 3354 1065 3406 ante

89 3420 118 3481 L.
132 3428 277 3492 Aemilius
291 3432 428 3508 Regillus
453 3432 554 3492 navali
575 3432 692 3508 proelio
714 3432 866 3494 adversm
888 3430 1062 3506 praelector

91 3511 165 3582 regis
179 3514 330 3578 Antiochi.
353 3532 449 3591 supra
461 3516 569 3577 valvas
582 3517 686 3594 templi
701 3517 804 3577 tabula
819 3531 888 3576 cum
902 3512 988 3574 titulo
1004 3512 1064 3573 hoc

129 3608 156 3648 τι
166 3613 226 3657 nrvr
240 3617 316 3659 enas
330 3601 367 3658 V.
836 3605 852 3654 7
