<?xml version="1.0" encoding="UTF-8"?>
<!DOCTYPE html PUBLIC "-//W3C//DTD XHTML 1.0 Transitional//EN"
    "http://www.w3.org/TR/xhtml1/DTD/xhtml1-transitional.dtd">
<html xmlns="http://www.w3.org/1999/xhtml" xml:lang="en" lang="en">
 <head>
  <title>
</title>
<meta http-equiv="Content-Type" content="text/html;charset=utf-8" />
  <meta name='ocr-system' content='tesseract 3.04.00' />
  <meta name='ocr-capabilities' content='ocr_page ocr_carea ocr_par ocr_line ocrx_word'/>
</head>
<body>
  <div class='ocr_page' id='page_1' title='image "./aburbeconditali01mlgoog_0333.png"; bbox 0 0 2642 4017; ppageno 0'>
   <div class='ocr_carea' id='block_1_1' title="bbox 217 195 1091 304">
    <p class='ocr_par' dir='ltr' id='par_1_1' title="bbox 217 195 1091 304">
     <span class='ocr_line' id='line_1_1' title="bbox 217 195 1091 304; baseline 0.011 -19"><span class='ocrx_word' id='word_1_1' title='bbox 217 195 222 200; x_wconf 79' lang='grc'><em>’</em></span> <span class='ocrx_word' id='word_1_2' title='bbox 298 227 912 304; x_wconf 67' lang='lat' dir='ltr'>urnunxnncnr.41.42.[a.c.1en</span> <span class='ocrx_word' id='word_1_3' title='bbox 1029 233 1091 296; x_wconf 77' lang='lat'>295</span> 
     </span>
    </p>
   </div>
   <div class='ocr_carea' id='block_1_2' title="bbox 116 378 1098 456">
    <p class='ocr_par' dir='ltr' id='par_1_2' title="bbox 116 378 1098 456">
     <span class='ocr_line' id='line_1_2' title="bbox 116 378 1098 456; baseline 0.003 -16"><span class='ocrx_word' id='word_1_4' title='bbox 116 381 176 441; x_wconf 87' lang='lat' dir='ltr'>cim</span> <span class='ocrx_word' id='word_1_5' title='bbox 188 384 326 454; x_wconf 87' lang='lat' dir='ltr'>accepto,</span> <span class='ocrx_word' id='word_1_6' title='bbox 338 378 459 439; x_wconf 80' lang='lat' dir='ltr'>mutatis</span> <span class='ocrx_word' id='word_1_7' title='bbox 472 378 665 454; x_wconf 90' lang='lat' dir='ltr'>quibusdam,</span> <span class='ocrx_word' id='word_1_8' title='bbox 679 395 759 455; x_wconf 88' lang='lat' dir='ltr'>quae</span> <span class='ocrx_word' id='word_1_9' title='bbox 766 394 876 454; x_wconf 85' lang='lat' dir='ltr'>magna</span> <span class='ocrx_word' id='word_1_10' title='bbox 882 380 1098 456; x_wconf 88' lang='lat' dir='ltr'>impedimenta</span> 
     </span>
    </p>
   </div>
   <div class='ocr_carea' id='block_1_3' title="bbox 2 462 1096 538">
    <p class='ocr_par' dir='ltr' id='par_1_3' title="bbox 2 462 1096 538">
     <span class='ocr_line' id='line_1_3' title="bbox 2 462 1096 538; baseline 0.005 -15"><span class='ocrx_word' id='word_1_11' title='bbox 2 491 3 494; x_wconf 36' lang='lat'>¹</span> <span class='ocrx_word' id='word_1_12' title='bbox 114 462 261 523; x_wconf 84' lang='lat' dir='ltr'>victoriae</span> <span class='ocrx_word' id='word_1_13' title='bbox 276 469 371 537; x_wconf 82' lang='lat' dir='ltr'>erant,</span> <span class='ocrx_word' id='word_1_14' title='bbox 392 477 578 537; x_wconf 86' lang='lat' dir='ltr'>progressus</span> <span class='ocrx_word' id='word_1_15' title='bbox 593 462 675 535; x_wconf 87' lang='lat' dir='ltr'>inde,</span> <span class='ocrx_word' id='word_1_16' title='bbox 697 463 770 538; x_wconf 91' lang='lat' dir='ltr'>quia</span> <span class='ocrx_word' id='word_1_17' title='bbox 783 464 1033 538; x_wconf 78' lang='lat' dir='ltr'>inexpugnabilia</span> <span class='ocrx_word' id='word_1_18' title='bbox 1047 482 1096 528; x_wconf 87' lang='lat' dir='ltr'>ea·</span> 
     </span>
    </p>
   </div>
   <div class='ocr_carea' id='block_1_4' title="bbox 94 544 1098 3461">
    <p class='ocr_par' dir='ltr' id='par_1_4' title="bbox 94 544 1098 3461">
     <span class='ocr_line' id='line_1_4' title="bbox 115 544 1098 623; baseline 0.002 -16"><span class='ocrx_word' id='word_1_19' title='bbox 115 556 179 607; x_wconf 90' lang='lat' dir='ltr'>stra</span> <span class='ocrx_word' id='word_1_20' title='bbox 193 545 329 607; x_wconf 88' lang='lat' dir='ltr'>bostium</span> <span class='ocrx_word' id='word_1_21' title='bbox 345 553 432 606; x_wconf 87' lang='lat' dir='ltr'>erant</span> <span class='ocrx_word' id='word_1_22' title='bbox 446 561 548 622; x_wconf 87' lang='lat' dir='ltr'>neque</span> <span class='ocrx_word' id='word_1_23' title='bbox 562 544 632 620; x_wconf 83' lang='lat' dir='ltr'>cogi</span> <span class='ocrx_word' id='word_1_24' title='bbox 646 561 785 621; x_wconf 85' lang='lat' dir='ltr'>pugnare</span> <span class='ocrx_word' id='word_1_25' title='bbox 799 553 920 623; x_wconf 89' lang='lat' dir='ltr'>poterat</span> <span class='ocrx_word' id='word_1_26' title='bbox 933 562 998 621; x_wconf 87' lang='lat' dir='ltr'>rex,</span> <span class='ocrx_word' id='word_1_27' title='bbox 1019 549 1098 610; x_wconf 92' lang='lat' dir='ltr'>inter</span> 
     </span>
     <span class='ocr_line' id='line_1_5' title="bbox 115 628 1097 707; baseline 0.004 -19"><span class='ocrx_word' id='word_1_28' title='bbox 115 628 273 705; x_wconf 88' lang='lat' dir='ltr'>praesidia</span> <span class='ocrx_word' id='word_1_29' title='bbox 287 628 355 690; x_wconf 88' lang='lat' dir='ltr'>eius</span> <span class='ocrx_word' id='word_1_30' title='bbox 366 630 477 689; x_wconf 86' lang='lat' dir='ltr'>saltum</span> <span class='ocrx_word' id='word_1_31' title='bbox 491 630 532 690; x_wconf 85' lang='lat' dir='ltr'>ed</span> <span class='ocrx_word' id='word_1_32' title='bbox 541 629 660 690; x_wconf 87' lang='lat' dir='ltr'>Petram</span> <span class='ocrx_word' id='word_1_33' title='bbox 671 628 766 703; x_wconf 89' lang='lat' dir='ltr'>evasi,</span> <span class='ocrx_word' id='word_1_34' title='bbox 783 635 814 689; x_wconf 87' lang='lat' dir='ltr'>et</span> <span class='ocrx_word' id='word_1_35' title='bbox 827 630 867 690; x_wconf 87' lang='lat' dir='ltr'>ad</span> <span class='ocrx_word' id='word_1_36' title='bbox 878 645 1012 706; x_wconf 81' lang='lat' dir='ltr'>pugnam</span> <span class='ocrx_word' id='word_1_37' title='bbox 1023 647 1097 707; x_wconf 89' lang='lat' dir='ltr'>rege</span> 
     </span>
     <span class='ocr_line' id='line_1_6' title="bbox 115 711 1097 790; baseline 0.004 -17"><span class='ocrx_word' id='word_1_38' title='bbox 115 719 223 774; x_wconf 91' lang='lat' dir='ltr'>coacto</span> <span class='ocrx_word' id='word_1_39' title='bbox 245 711 312 773; x_wconf 82' lang='lat' dir='ltr'>acie</span> <span class='ocrx_word' id='word_1_40' title='bbox 326 711 403 787; x_wconf 85' lang='lat' dir='ltr'>vici,</span> <span class='ocrx_word' id='word_1_41' title='bbox 423 712 636 774; x_wconf 85' lang='lat' dir='ltr'>Macedoniam</span> <span class='ocrx_word' id='word_1_42' title='bbox 655 711 687 773; x_wconf 89' lang='lat' dir='ltr'>in</span> <span class='ocrx_word' id='word_1_43' title='bbox 708 713 891 789; x_wconf 84' lang='lat' dir='ltr'>potestatem</span> <span class='ocrx_word' id='word_1_44' title='bbox 913 715 1022 790; x_wconf 89' lang='lat' dir='ltr'>populi</span> <span class='ocrx_word' id='word_1_45' title='bbox 1036 716 1097 777; x_wconf 84' lang='lat' dir='ltr'>llo·</span> 
     </span>
     <span class='ocr_line' id='line_1_7' title="bbox 114 795 1098 874; baseline 0.005 -18"><span class='ocrx_word' id='word_1_46' title='bbox 114 796 196 857; x_wconf 90' lang='lat' dir='ltr'>mani</span> <span class='ocrx_word' id='word_1_47' title='bbox 216 795 338 871; x_wconf 80' lang='lat' dir='ltr'>redegi,</span> <span class='ocrx_word' id='word_1_48' title='bbox 360 802 390 855; x_wconf 88' lang='lat' dir='ltr'>et</span> <span class='ocrx_word' id='word_1_49' title='bbox 410 797 495 872; x_wconf 89' lang='lat' dir='ltr'>quod</span> <span class='ocrx_word' id='word_1_50' title='bbox 509 796 622 857; x_wconf 89' lang='lat' dir='ltr'>bellum</span> <span class='ocrx_word' id='word_1_51' title='bbox 637 811 693 872; x_wconf 86' lang='lat' dir='ltr'>per</span> <span class='ocrx_word' id='word_1_52' title='bbox 707 797 939 872; x_wconf 76' lang='lat' dir='ltr'>quadriennium</span> <span class='ocrx_word' id='word_1_53' title='bbox 955 805 1098 874; x_wconf 88' lang='lat' dir='ltr'>quattuor</span> 
     </span>
     <span class='ocr_line' id='line_1_8' title="bbox 114 880 1096 956; baseline 0.004 -16"><span class='ocrx_word' id='word_1_54' title='bbox 114 887 186 941; x_wconf 85' lang='lat' dir='ltr'>ante</span> <span class='ocrx_word' id='word_1_55' title='bbox 209 896 259 940; x_wconf 91' lang='lat' dir='ltr'>me</span> <span class='ocrx_word' id='word_1_56' title='bbox 283 882 429 941; x_wconf 89' lang='lat' dir='ltr'>eonsules</span> <span class='ocrx_word' id='word_1_57' title='bbox 453 880 497 940; x_wconf 89' lang='lat' dir='ltr'>ita</span> <span class='ocrx_word' id='word_1_58' title='bbox 516 887 694 955; x_wconf 87' lang='lat' dir='ltr'>gesserunt,</span> <span class='ocrx_word' id='word_1_59' title='bbox 719 886 754 940; x_wconf 92' lang='lat' dir='ltr'>ut</span> <span class='ocrx_word' id='word_1_60' title='bbox 774 895 897 956; x_wconf 82' lang='lat' dir='ltr'><strong>semper</strong></span> <span class='ocrx_word' id='word_1_61' title='bbox 918 884 1096 950; x_wconf 84' lang='lat' dir='ltr'>successori</span> 
     </span>
     <span class='ocr_line' id='line_1_9' title="bbox 113 963 1095 1040; baseline 0.002 -16"><span class='ocrx_word' id='word_1_62' title='bbox 113 964 268 1024; x_wconf 80' lang='lat' dir='ltr'><strong>traderent</strong></span> <span class='ocrx_word' id='word_1_63' title='bbox 281 963 416 1039; x_wconf 88' lang='lat' dir='ltr'>gravius,</span> <span class='ocrx_word' id='word_1_64' title='bbox 436 964 468 1024; x_wconf 91' lang='lat' dir='ltr'>id</span> <span class='ocrx_word' id='word_1_65' title='bbox 483 979 541 1039; x_wconf 87' lang='lat' dir='ltr'>ego</span> <span class='ocrx_word' id='word_1_66' title='bbox 557 963 732 1040; x_wconf 89' lang='lat' dir='ltr'>quindecim</span> <span class='ocrx_word' id='word_1_67' title='bbox 747 964 857 1025; x_wconf 88' lang='lat' dir='ltr'>diebus</span> <span class='ocrx_word' id='word_1_68' title='bbox 871 965 999 1040; x_wconf 78' lang='lat' dir='ltr'>perfeci.</span> <span class='ocrx_word' id='word_1_69' title='bbox 1022 964 1095 1030; x_wconf 87' lang='lat' dir='ltr'>alia·</span> 
     </span>
     <span class='ocr_line' id='line_1_10' title="bbox 113 1046 1095 1124; baseline -0.002 -16"><span class='ocrx_word' id='word_1_70' title='bbox 113 1064 183 1108; x_wconf 92' lang='lat' dir='ltr'>rum</span> <span class='ocrx_word' id='word_1_71' title='bbox 203 1046 314 1107; x_wconf 91' lang='lat' dir='ltr'>deinde</span> <span class='ocrx_word' id='word_1_72' title='bbox 335 1048 540 1108; x_wconf 90' lang='lat' dir='ltr'>secundarum</span> <span class='ocrx_word' id='word_1_73' title='bbox 558 1063 661 1109; x_wconf 87' lang='lat' dir='ltr'>rerum</span> <span class='ocrx_word' id='word_1_74' title='bbox 674 1048 759 1108; x_wconf 87' lang='lat' dir='ltr'>velut</span> <span class='ocrx_word' id='word_1_75' title='bbox 773 1055 941 1124; x_wconf 85' lang='lat' dir='ltr'>proventus</span> <span class='ocrx_word' id='word_1_76' title='bbox 955 1057 1095 1110; x_wconf 71' lang='lat' dir='ltr'>secutum</span> 
     </span>
     <span class='ocr_line' id='line_1_11' title="bbox 115 1130 1094 1208; baseline 0.003 -18"><span class='ocrx_word' id='word_1_77' title='bbox 115 1130 254 1191; x_wconf 87' lang='lat' dir='ltr'>civitates</span> <span class='ocrx_word' id='word_1_78' title='bbox 270 1146 377 1191; x_wconf 86' lang='lat' dir='ltr'>omnes</span> <span class='ocrx_word' id='word_1_79' title='bbox 391 1131 592 1192; x_wconf 75' lang='lat' dir='ltr'>Macedoniae</span> <span class='ocrx_word' id='word_1_80' title='bbox 604 1146 639 1192; x_wconf 91' lang='lat' dir='ltr'>se</span> <span class='ocrx_word' id='word_1_81' title='bbox 653 1131 852 1203; x_wconf 85' lang='lat' dir='ltr'>dediderunt;</span> <span class='ocrx_word' id='word_1_82' title='bbox 873 1147 951 1207; x_wconf 84' lang='lat' dir='ltr'>gaza</span> <span class='ocrx_word' id='word_1_83' title='bbox 963 1133 1049 1208; x_wconf 86' lang='lat' dir='ltr'>regia</span> <span class='ocrx_word' id='word_1_84' title='bbox 1063 1132 1094 1193; x_wconf 91' lang='lat' dir='ltr'>in</span> 
     </span>
     <span class='ocr_line' id='line_1_12' title="bbox 114 1214 1094 1292; baseline 0.001 -16"><span class='ocrx_word' id='word_1_85' title='bbox 114 1221 297 1290; x_wconf 87' lang='lat' dir='ltr'>potestatem</span> <span class='ocrx_word' id='word_1_86' title='bbox 316 1214 414 1284; x_wconf 88' lang='lat' dir='ltr'>venit;</span> <span class='ocrx_word' id='word_1_87' title='bbox 438 1231 495 1275; x_wconf 92' lang='lat' dir='ltr'>rex</span> <span class='ocrx_word' id='word_1_88' title='bbox 513 1216 583 1290; x_wconf 91' lang='lat' dir='ltr'>ipse</span> <span class='ocrx_word' id='word_1_89' title='bbox 602 1215 793 1277; x_wconf 69' lang='lat' dir='ltr'>tradentibus</span> <span class='ocrx_word' id='word_1_90' title='bbox 813 1232 914 1292; x_wconf 83' lang='lat' dir='ltr'><strong>prope</strong></span> <span class='ocrx_word' id='word_1_91' title='bbox 934 1215 1013 1290; x_wconf 88' lang='lat' dir='ltr'>ipsis</span> <span class='ocrx_word' id='word_1_92' title='bbox 1035 1215 1094 1278; x_wconf 90' lang='lat' dir='ltr'>diis</span> 
     </span>
     <span class='ocr_line' id='line_1_13' title="bbox 113 1297 1093 1374; baseline 0.001 -16"><span class='ocrx_word' id='word_1_93' title='bbox 113 1299 144 1358; x_wconf 91' lang='lat' dir='ltr'>in</span> <span class='ocrx_word' id='word_1_94' title='bbox 159 1300 274 1372; x_wconf 91' lang='lat' dir='ltr'>templo</span> <span class='ocrx_word' id='word_1_95' title='bbox 290 1297 523 1360; x_wconf 83' lang='lat' dir='ltr'>Samothracum</span> <span class='ocrx_word' id='word_1_96' title='bbox 537 1314 607 1359; x_wconf 89' lang='lat' dir='ltr'>cum</span> <span class='ocrx_word' id='word_1_97' title='bbox 621 1299 726 1359; x_wconf 84' lang='lat' dir='ltr'>liberis</span> <span class='ocrx_word' id='word_1_98' title='bbox 738 1305 786 1358; x_wconf 89' lang='lat' dir='ltr'>est</span> <span class='ocrx_word' id='word_1_99' title='bbox 799 1307 919 1374; x_wconf 84' lang='lat' dir='ltr'>captus.</span> <span class='ocrx_word' id='word_1_100' title='bbox 932 1298 1005 1362; x_wconf 87' lang='lat' dir='ltr'>mihi</span> <span class='ocrx_word' id='word_1_101' title='bbox 1017 1315 1093 1373; x_wconf 91' lang='lat' dir='ltr'>quo·</span> 
     </span>
     <span class='ocr_line' id='line_1_14' title="bbox 116 1382 1095 1458; baseline -0.001 -15"><span class='ocrx_word' id='word_1_102' title='bbox 116 1397 178 1458; x_wconf 86' lang='lat' dir='ltr'>que</span> <span class='ocrx_word' id='word_1_103' title='bbox 197 1383 258 1456; x_wconf 90' lang='lat' dir='ltr'>ipsi</span> <span class='ocrx_word' id='word_1_104' title='bbox 277 1382 368 1441; x_wconf 90' lang='lat' dir='ltr'>nimia</span> <span class='ocrx_word' id='word_1_105' title='bbox 388 1383 447 1443; x_wconf 85' lang='lat' dir='ltr'>iam</span> <span class='ocrx_word' id='word_1_106' title='bbox 468 1383 590 1443; x_wconf 81' lang='lat' dir='ltr'>fortuna</span> <span class='ocrx_word' id='word_1_107' title='bbox 609 1397 680 1441; x_wconf 86' lang='lat' dir='ltr'>mea</span> <span class='ocrx_word' id='word_1_108' title='bbox 697 1382 811 1456; x_wconf 87' lang='lat' dir='ltr'>videri,</span> <span class='ocrx_word' id='word_1_109' title='bbox 833 1396 934 1457; x_wconf 89' lang='lat' dir='ltr'>eoque</span> <span class='ocrx_word' id='word_1_110' title='bbox 948 1389 1095 1455; x_wconf 85' lang='lat' dir='ltr'>suspecta</span> 
     </span>
     <span class='ocr_line' id='line_1_15' title="bbox 114 1464 1096 1541; baseline -0.003 -15"><span class='ocrx_word' id='word_1_111' title='bbox 114 1481 196 1526; x_wconf 83' lang='lat' dir='ltr'>esse</span> <span class='ocrx_word' id='word_1_112' title='bbox 219 1466 312 1526; x_wconf 90' lang='lat' dir='ltr'>maris</span> <span class='ocrx_word' id='word_1_113' title='bbox 334 1464 471 1541; x_wconf 90' lang='lat' dir='ltr'>pericula</span> <span class='ocrx_word' id='word_1_114' title='bbox 491 1466 598 1525; x_wconf 91' lang='lat' dir='ltr'>timere</span> <span class='ocrx_word' id='word_1_115' title='bbox 613 1465 703 1539; x_wconf 90' lang='lat' dir='ltr'>coepi</span> <span class='ocrx_word' id='word_1_116' title='bbox 721 1465 753 1525; x_wconf 87' lang='lat' dir='ltr'>in</span> <span class='ocrx_word' id='word_1_117' title='bbox 768 1471 852 1525; x_wconf 87' lang='lat' dir='ltr'>tanta</span> <span class='ocrx_word' id='word_1_118' title='bbox 866 1465 998 1540; x_wconf 84' lang='lat' dir='ltr'>pecunia</span> <span class='ocrx_word' id='word_1_119' title='bbox 1010 1464 1096 1539; x_wconf 85' lang='lat' dir='ltr'>regia</span> 
     </span>
     <span class='ocr_line' id='line_1_16' title="bbox 113 1547 1094 1623; baseline -0.004 -14"><span class='ocrx_word' id='word_1_120' title='bbox 113 1550 146 1609; x_wconf 91' lang='lat' dir='ltr'>in</span> <span class='ocrx_word' id='word_1_121' title='bbox 166 1550 282 1610; x_wconf 87' lang='lat' dir='ltr'>ltaliam</span> <span class='ocrx_word' id='word_1_122' title='bbox 306 1549 474 1610; x_wconf 89' lang='lat' dir='ltr'>traicienda</span> <span class='ocrx_word' id='word_1_123' title='bbox 498 1555 529 1609; x_wconf 87' lang='lat' dir='ltr'>et</span> <span class='ocrx_word' id='word_1_124' title='bbox 551 1548 669 1608; x_wconf 79' lang='lat' dir='ltr'>victore</span> <span class='ocrx_word' id='word_1_125' title='bbox 687 1547 825 1608; x_wconf 87' lang='lat' dir='ltr'>exercitu</span> <span class='ocrx_word' id='word_1_126' title='bbox 843 1548 1094 1623; x_wconf 84' lang='lat' dir='ltr'>transportando.</span> 
     </span>
     <span class='ocr_line' id='line_1_17' title="bbox 113 1629 1094 1709; baseline -0.004 -14"><span class='ocrx_word' id='word_1_127' title='bbox 113 1640 280 1709; x_wconf 79' lang='lat' dir='ltr'>postquam</span> <span class='ocrx_word' id='word_1_128' title='bbox 301 1633 403 1694; x_wconf 90' lang='lat' dir='ltr'>omnia</span> <span class='ocrx_word' id='word_1_129' title='bbox 422 1632 561 1693; x_wconf 86' lang='lat' dir='ltr'>secundo</span> <span class='ocrx_word' id='word_1_130' title='bbox 583 1631 706 1692; x_wconf 86' lang='lat' dir='ltr'>navium</span> <span class='ocrx_word' id='word_1_131' title='bbox 728 1646 823 1691; x_wconf 87' lang='lat' dir='ltr'>cursu</span> <span class='ocrx_word' id='word_1_132' title='bbox 841 1632 872 1691; x_wconf 90' lang='lat' dir='ltr'>in</span> <span class='ocrx_word' id='word_1_133' title='bbox 892 1629 1010 1691; x_wconf 87' lang='lat' dir='ltr'>ltaliam</span> <span class='ocrx_word' id='word_1_134' title='bbox 1024 1646 1094 1707; x_wconf 86' lang='lat' dir='ltr'>per·</span> 
     </span>
     <span class='ocr_line' id='line_1_18' title="bbox 114 1714 1095 1792; baseline 0 -17"><span class='ocrx_word' id='word_1_135' title='bbox 114 1724 272 1791; x_wconf 72' lang='lat' dir='ltr'>venerunt,</span> <span class='ocrx_word' id='word_1_136' title='bbox 288 1731 390 1792; x_wconf 88' lang='lat' dir='ltr'>neque</span> <span class='ocrx_word' id='word_1_137' title='bbox 404 1723 470 1777; x_wconf 89' lang='lat' dir='ltr'>erat</span> <span class='ocrx_word' id='word_1_138' title='bbox 484 1714 568 1791; x_wconf 92' lang='lat' dir='ltr'>quod</span> <span class='ocrx_word' id='word_1_139' title='bbox 583 1716 662 1775; x_wconf 90' lang='lat' dir='ltr'>ultra</span> <span class='ocrx_word' id='word_1_140' title='bbox 677 1729 829 1790; x_wconf 80' lang='lat' dir='ltr'>precarer,</span> <span class='ocrx_word' id='word_1_141' title='bbox 843 1715 918 1775; x_wconf 92' lang='lat' dir='ltr'>illud</span> <span class='ocrx_word' id='word_1_142' title='bbox 930 1716 1044 1790; x_wconf 91' lang='lat' dir='ltr'>optavi,</span> <span class='ocrx_word' id='word_1_143' title='bbox 1061 1721 1095 1776; x_wconf 90' lang='lat' dir='ltr'>ut</span> 
     </span>
     <span class='ocr_line' id='line_1_19' title="bbox 114 1797 1095 1874; baseline -0.002 -12"><span class='ocrx_word' id='word_1_144' title='bbox 114 1816 183 1862; x_wconf 90' lang='lat' dir='ltr'>cum</span> <span class='ocrx_word' id='word_1_145' title='bbox 204 1815 245 1860; x_wconf 88' lang='lat' dir='ltr'>ex</span> <span class='ocrx_word' id='word_1_146' title='bbox 265 1814 384 1860; x_wconf 90' lang='lat' dir='ltr'>summo</span> <span class='ocrx_word' id='word_1_147' title='bbox 398 1807 480 1860; x_wconf 90' lang='lat' dir='ltr'>retro</span> <span class='ocrx_word' id='word_1_148' title='bbox 495 1798 579 1859; x_wconf 92' lang='lat' dir='ltr'>volvi</span> <span class='ocrx_word' id='word_1_149' title='bbox 600 1799 723 1859; x_wconf 85' lang='lat' dir='ltr'>tortura</span> <span class='ocrx_word' id='word_1_150' title='bbox 736 1805 934 1874; x_wconf 87' lang='lat' dir='ltr'>consuesset,</span> <span class='ocrx_word' id='word_1_151' title='bbox 955 1797 1095 1860; x_wconf 87' lang='lat' dir='ltr'>mutatio·</span> 
     </span>
     <span class='ocr_line' id='line_1_20' title="bbox 112 1881 1094 1957; baseline -0.002 -13"><span class='ocrx_word' id='word_1_152' title='bbox 112 1899 183 1945; x_wconf 89' lang='lat' dir='ltr'>nem</span> <span class='ocrx_word' id='word_1_153' title='bbox 204 1884 271 1945; x_wconf 90' lang='lat' dir='ltr'>eius</span> <span class='ocrx_word' id='word_1_154' title='bbox 292 1883 402 1943; x_wconf 90' lang='lat' dir='ltr'>domus</span> <span class='ocrx_word' id='word_1_155' title='bbox 423 1897 492 1942; x_wconf 87' lang='lat' dir='ltr'>mea</span> <span class='ocrx_word' id='word_1_156' title='bbox 511 1882 615 1957; x_wconf 92' lang='lat' dir='ltr'>potius</span> <span class='ocrx_word' id='word_1_157' title='bbox 637 1898 730 1956; x_wconf 89' lang='lat' dir='ltr'>quam</span> <span class='ocrx_word' id='word_1_158' title='bbox 749 1897 800 1941; x_wconf 89' lang='lat' dir='ltr'>res</span> <span class='ocrx_word' id='word_1_159' title='bbox 821 1881 946 1957; x_wconf 88' lang='lat' dir='ltr'>publica</span> <span class='ocrx_word' id='word_1_160' title='bbox 958 1882 1094 1943; x_wconf 82' lang='lat' dir='ltr'>sentiret</span> 
     </span>
     <span class='ocr_line' id='line_1_21' title="bbox 112 1965 1093 2043; baseline -0.005 -15"><span class='ocrx_word' id='word_1_161' title='bbox 112 1968 218 2043; x_wconf 90' lang='lat' dir='ltr'>itaque</span> <span class='ocrx_word' id='word_1_162' title='bbox 233 1968 408 2027; x_wconf 79' lang='lat' dir='ltr'>defunctam</span> <span class='ocrx_word' id='word_1_163' title='bbox 423 1980 495 2026; x_wconf 88' lang='lat' dir='ltr'>esse</span> <span class='ocrx_word' id='word_1_164' title='bbox 505 1966 658 2026; x_wconf 80' lang='lat' dir='ltr'>fortunam</span> <span class='ocrx_word' id='word_1_165' title='bbox 670 1965 821 2041; x_wconf 81' lang='lat' dir='ltr'>publicam</span> <span class='ocrx_word' id='word_1_166' title='bbox 832 1980 900 2025; x_wconf 90' lang='lat' dir='ltr'>mea</span> <span class='ocrx_word' id='word_1_167' title='bbox 910 1972 972 2026; x_wconf 91' lang='lat' dir='ltr'>tam</span> <span class='ocrx_word' id='word_1_168' title='bbox 982 1965 1093 2039; x_wconf 78' lang='lat' dir='ltr'>insigni</span> 
     </span>
     <span class='ocr_line' id='line_1_22' title="bbox 113 2048 1093 2125; baseline -0.003 -14"><span class='ocrx_word' id='word_1_169' title='bbox 113 2051 285 2112; x_wconf 87' lang='lat' dir='ltr'>calamitate</span> <span class='ocrx_word' id='word_1_170' title='bbox 305 2064 414 2125; x_wconf 87' lang='lat' dir='ltr'>spero,</span> <span class='ocrx_word' id='word_1_171' title='bbox 437 2049 521 2125; x_wconf 90' lang='lat' dir='ltr'>quod</span> <span class='ocrx_word' id='word_1_172' title='bbox 541 2048 713 2125; x_wconf 86' lang='lat' dir='ltr'>triumphus</span> <span class='ocrx_word' id='word_1_173' title='bbox 734 2064 837 2121; x_wconf 86' lang='lat' dir='ltr'>meus,</span> <span class='ocrx_word' id='word_1_174' title='bbox 857 2049 943 2109; x_wconf 90' lang='lat' dir='ltr'>velut</span> <span class='ocrx_word' id='word_1_175' title='bbox 961 2048 1004 2108; x_wconf 92' lang='lat' dir='ltr'>ad</span> <span class='ocrx_word' id='word_1_176' title='bbox 1016 2048 1093 2108; x_wconf 88' lang='lat' dir='ltr'>ludi·</span> 
     </span>
     <span class='ocr_line' id='line_1_23' title="bbox 113 2131 1094 2205; baseline -0.002 -11"><span class='ocrx_word' id='word_1_177' title='bbox 113 2132 213 2195; x_wconf 90' lang='lat' dir='ltr'>brium</span> <span class='ocrx_word' id='word_1_178' title='bbox 228 2149 354 2193; x_wconf 86' lang='lat' dir='ltr'>casuum</span> <span class='ocrx_word' id='word_1_179' title='bbox 367 2132 583 2205; x_wconf 86' lang='lat' dir='ltr'>humanorum,</span> <span class='ocrx_word' id='word_1_180' title='bbox 606 2133 728 2194; x_wconf 89' lang='lat' dir='ltr'>duobus</span> <span class='ocrx_word' id='word_1_181' title='bbox 748 2132 907 2193; x_wconf 80' lang='lat' dir='ltr'>funeribus</span> <span class='ocrx_word' id='word_1_182' title='bbox 928 2131 1094 2192; x_wconf 86' lang='lat' dir='ltr'>liberorum</span> 
     </span>
     <span class='ocr_line' id='line_1_24' title="bbox 112 2215 1094 2291; baseline -0.002 -13"><span class='ocrx_word' id='word_1_183' title='bbox 112 2233 251 2278; x_wconf 87' lang='lat' dir='ltr'>meorum</span> <span class='ocrx_word' id='word_1_184' title='bbox 265 2223 313 2277; x_wconf 91' lang='lat' dir='ltr'>est</span> <span class='ocrx_word' id='word_1_185' title='bbox 326 2215 536 2291; x_wconf 87' lang='lat' dir='ltr'>interpositus.</span> <span class='ocrx_word' id='word_1_186' title='bbox 555 2223 586 2277; x_wconf 92' lang='lat' dir='ltr'>et</span> <span class='ocrx_word' id='word_1_187' title='bbox 600 2231 670 2277; x_wconf 87' lang='lat' dir='ltr'>oum</span> <span class='ocrx_word' id='word_1_188' title='bbox 684 2231 742 2291; x_wconf 87' lang='lat' dir='ltr'>ego</span> <span class='ocrx_word' id='word_1_189' title='bbox 757 2222 788 2276; x_wconf 91' lang='lat' dir='ltr'>et</span> <span class='ocrx_word' id='word_1_190' title='bbox 799 2215 933 2277; x_wconf 80' lang='lat' dir='ltr'>Perseus</span> <span class='ocrx_word' id='word_1_191' title='bbox 945 2231 1027 2276; x_wconf 86' lang='lat' dir='ltr'>nunc</span> <span class='ocrx_word' id='word_1_192' title='bbox 1038 2231 1094 2276; x_wconf 91' lang='lat' dir='ltr'>no·</span> 
     </span>
     <span class='ocr_line' id='line_1_25' title="bbox 112 2298 1093 2375; baseline -0.004 -12"><span class='ocrx_word' id='word_1_193' title='bbox 112 2301 186 2363; x_wconf 90' lang='lat' dir='ltr'>bilia</span> <span class='ocrx_word' id='word_1_194' title='bbox 206 2301 337 2361; x_wconf 87' lang='lat' dir='ltr'>maxime</span> <span class='ocrx_word' id='word_1_195' title='bbox 359 2299 452 2361; x_wconf 88' lang='lat' dir='ltr'>sortis</span> <span class='ocrx_word' id='word_1_196' title='bbox 473 2298 644 2362; x_wconf 87' lang='lat' dir='ltr'>mortalium</span> <span class='ocrx_word' id='word_1_197' title='bbox 665 2301 807 2375; x_wconf 89' lang='lat' dir='ltr'>exempla</span> <span class='ocrx_word' id='word_1_198' title='bbox 820 2305 1010 2374; x_wconf 72' lang='lat' dir='ltr'>spectamen</span> <span class='ocrx_word' id='word_1_199' title='bbox 1032 2298 1093 2372; x_wconf 88' lang='lat' dir='ltr'>ille,</span> 
     </span>
     <span class='ocr_line' id='line_1_26' title="bbox 114 2382 1094 2461; baseline -0.004 -15"><span class='ocrx_word' id='word_1_200' title='bbox 114 2385 167 2461; x_wconf 90' lang='lat' dir='ltr'>qui</span> <span class='ocrx_word' id='word_1_201' title='bbox 182 2392 251 2446; x_wconf 87' lang='lat' dir='ltr'>onte</span> <span class='ocrx_word' id='word_1_202' title='bbox 272 2400 308 2445; x_wconf 88' lang='lat' dir='ltr'>se</span> <span class='ocrx_word' id='word_1_203' title='bbox 329 2384 469 2460; x_wconf 86' lang='lat' dir='ltr'>captivos</span> <span class='ocrx_word' id='word_1_204' title='bbox 485 2385 625 2460; x_wconf 83' lang='lat' dir='ltr'>captivus</span> <span class='ocrx_word' id='word_1_205' title='bbox 639 2383 709 2459; x_wconf 89' lang='lat' dir='ltr'>ipse</span> <span class='ocrx_word' id='word_1_206' title='bbox 724 2384 794 2444; x_wconf 92' lang='lat' dir='ltr'>duci</span> <span class='ocrx_word' id='word_1_207' title='bbox 808 2383 923 2444; x_wconf 89' lang='lat' dir='ltr'>liberos</span> <span class='ocrx_word' id='word_1_208' title='bbox 937 2382 1027 2458; x_wconf 90' lang='lat' dir='ltr'>vidit,</span> <span class='ocrx_word' id='word_1_209' title='bbox 1049 2383 1094 2442; x_wconf 89' lang='lat' dir='ltr'>in·</span> 
     </span>
     <span class='ocr_line' id='line_1_27' title="bbox 114 2466 1093 2544; baseline -0.003 -15"><span class='ocrx_word' id='word_1_210' title='bbox 114 2470 250 2538; x_wconf 81' lang='lat' dir='ltr'>columen</span> <span class='ocrx_word' id='word_1_211' title='bbox 270 2478 371 2530; x_wconf 87' lang='lat' dir='ltr'>tamen</span> <span class='ocrx_word' id='word_1_212' title='bbox 393 2484 449 2529; x_wconf 92' lang='lat' dir='ltr'>eos</span> <span class='ocrx_word' id='word_1_213' title='bbox 470 2468 576 2530; x_wconf 77' lang='lat' dir='ltr'>habet:</span> <span class='ocrx_word' id='word_1_214' title='bbox 605 2483 678 2542; x_wconf 89' lang='lat' dir='ltr'>ego,</span> <span class='ocrx_word' id='word_1_215' title='bbox 702 2468 754 2544; x_wconf 89' lang='lat' dir='ltr'>qni</span> <span class='ocrx_word' id='word_1_216' title='bbox 774 2468 814 2527; x_wconf 90' lang='lat' dir='ltr'>de</span> <span class='ocrx_word' id='word_1_217' title='bbox 834 2466 886 2527; x_wconf 93' lang='lat' dir='ltr'>illo</span> <span class='ocrx_word' id='word_1_218' title='bbox 900 2466 1093 2543; x_wconf 81' lang='lat' dir='ltr'>triumphari,</span> 
     </span>
     <span class='ocr_line' id='line_1_28' title="bbox 113 2547 1094 2629; baseline -0.001 -18"><span class='ocrx_word' id='word_1_219' title='bbox 113 2551 152 2612; x_wconf 87' lang='lat' dir='ltr'>ab</span> <span class='ocrx_word' id='word_1_220' title='bbox 172 2553 296 2614; x_wconf 88' lang='lat' dir='ltr'>alterius</span> <span class='ocrx_word' id='word_1_221' title='bbox 317 2554 425 2614; x_wconf 85' lang='lat' dir='ltr'>iuuere</span> <span class='ocrx_word' id='word_1_222' title='bbox 439 2553 493 2613; x_wconf 87' lang='lat' dir='ltr'>filii</span> <span class='ocrx_word' id='word_1_223' title='bbox 515 2568 637 2613; x_wconf 90' lang='lat' dir='ltr'>currum</span> <span class='ocrx_word' id='word_1_224' title='bbox 650 2547 685 2629; x_wconf 68' lang='lat' dir='ltr'>*j*</span> <span class='ocrx_word' id='word_1_225' title='bbox 699 2567 739 2612; x_wconf 90' lang='lat' dir='ltr'>ex</span> <span class='ocrx_word' id='word_1_226' title='bbox 754 2550 904 2627; x_wconf 78' lang='lat' dir='ltr'>capitolio</span> <span class='ocrx_word' id='word_1_227' title='bbox 919 2566 1018 2628; x_wconf 91' lang='lat' dir='ltr'>prope</span> <span class='ocrx_word' id='word_1_228' title='bbox 1033 2549 1094 2611; x_wconf 89' lang='lat' dir='ltr'>iam</span> 
     </span>
     <span class='ocr_line' id='line_1_29' title="bbox 115 2635 1094 2712; baseline 0 -18"><span class='ocrx_word' id='word_1_229' title='bbox 115 2636 319 2710; x_wconf 84' lang='lat' dir='ltr'>exspirantem</span> <span class='ocrx_word' id='word_1_230' title='bbox 330 2637 417 2705; x_wconf 88' lang='lat' dir='ltr'>veni;</span> <span class='ocrx_word' id='word_1_231' title='bbox 439 2651 541 2712; x_wconf 85' lang='lat' dir='ltr'>neque</span> <span class='ocrx_word' id='word_1_232' title='bbox 555 2650 595 2695; x_wconf 88' lang='lat' dir='ltr'>ex</span> <span class='ocrx_word' id='word_1_233' title='bbox 605 2641 690 2696; x_wconf 89' lang='lat' dir='ltr'>tanta</span> <span class='ocrx_word' id='word_1_234' title='bbox 703 2636 798 2711; x_wconf 89' lang='lat' dir='ltr'>stirpe</span> <span class='ocrx_word' id='word_1_235' title='bbox 809 2635 938 2695; x_wconf 91' lang='lat' dir='ltr'>liberum</span> <span class='ocrx_word' id='word_1_236' title='bbox 948 2642 1094 2710; x_wconf 89' lang='lat' dir='ltr'>superest</span> 
     </span>
     <span class='ocr_line' id='line_1_30' title="bbox 114 2717 1094 2794; baseline -0.001 -17"><span class='ocrx_word' id='word_1_237' title='bbox 114 2718 167 2793; x_wconf 87' lang='lat' dir='ltr'>qui</span> <span class='ocrx_word' id='word_1_238' title='bbox 180 2718 213 2777; x_wconf 89' lang='lat' dir='ltr'>L.</span> <span class='ocrx_word' id='word_1_239' title='bbox 228 2717 349 2776; x_wconf 85' lang='lat' dir='ltr'>Aemilii</span> <span class='ocrx_word' id='word_1_240' title='bbox 362 2717 447 2777; x_wconf 89' lang='lat' dir='ltr'>Pauli</span> <span class='ocrx_word' id='word_1_241' title='bbox 460 2733 572 2778; x_wconf 87' lang='lat' dir='ltr'>nomen</span> <span class='ocrx_word' id='word_1_242' title='bbox 587 2720 673 2779; x_wconf 88' lang='lat' dir='ltr'>terat.</span> <span class='ocrx_word' id='word_1_243' title='bbox 696 2719 776 2779; x_wconf 88' lang='lat' dir='ltr'>duos</span> <span class='ocrx_word' id='word_1_244' title='bbox 790 2718 871 2779; x_wconf 88' lang='lat' dir='ltr'>enim</span> <span class='ocrx_word' id='word_1_245' title='bbox 884 2724 1039 2794; x_wconf 88' lang='lat' dir='ltr'>tamquam</span> <span class='ocrx_word' id='word_1_246' title='bbox 1054 2732 1094 2777; x_wconf 90' lang='lat' dir='ltr'>ex</span> 
     </span>
     <span class='ocr_line' id='line_1_31' title="bbox 113 2797 1094 2876; baseline 0 -16"><span class='ocrx_word' id='word_1_247' title='bbox 113 2815 226 2875; x_wconf 87' lang='lat' dir='ltr'>magna</span> <span class='ocrx_word' id='word_1_248' title='bbox 245 2797 394 2874; x_wconf 89' lang='lat' dir='ltr'>progenie</span> <span class='ocrx_word' id='word_1_249' title='bbox 412 2799 577 2861; x_wconf 89' lang='lat' dir='ltr'>liberorum</span> <span class='ocrx_word' id='word_1_250' title='bbox 591 2801 622 2860; x_wconf 92' lang='lat' dir='ltr'>in</span> <span class='ocrx_word' id='word_1_251' title='bbox 636 2800 834 2876; x_wconf 89' lang='lat' dir='ltr'>adoptionem</span> <span class='ocrx_word' id='word_1_252' title='bbox 850 2801 938 2861; x_wconf 90' lang='lat' dir='ltr'>datos</span> <span class='ocrx_word' id='word_1_253' title='bbox 954 2800 1094 2862; x_wconf 82' lang='lat' dir='ltr'>Cornelia</span> 
     </span>
     <span class='ocr_line' id='line_1_32' title="bbox 113 2880 1092 2958; baseline -0.001 -13"><span class='ocrx_word' id='word_1_254' title='bbox 113 2891 144 2945; x_wconf 90' lang='lat' dir='ltr'>et</span> <span class='ocrx_word' id='word_1_255' title='bbox 156 2883 251 2944; x_wconf 84' lang='lat' dir='ltr'>Fabia</span> <span class='ocrx_word' id='word_1_256' title='bbox 266 2897 342 2957; x_wconf 87' lang='lat' dir='ltr'>gens</span> <span class='ocrx_word' id='word_1_257' title='bbox 357 2880 484 2941; x_wconf 73' lang='lat' dir='ltr'>habeam</span> <span class='ocrx_word' id='word_1_258' title='bbox 504 2882 589 2943; x_wconf 77' lang='lat' dir='ltr'>Perdi</span> <span class='ocrx_word' id='word_1_259' title='bbox 602 2883 633 2943; x_wconf 90' lang='lat' dir='ltr'>in</span> <span class='ocrx_word' id='word_1_260' title='bbox 648 2883 741 2943; x_wconf 93' lang='lat' dir='ltr'>domo</span> <span class='ocrx_word' id='word_1_261' title='bbox 753 2889 875 2958; x_wconf 88' lang='lat' dir='ltr'>praeter</span> <span class='ocrx_word' id='word_1_262' title='bbox 885 2898 990 2943; x_wconf 85' lang='lat' dir='ltr'>senem</span> <span class='ocrx_word' id='word_1_263' title='bbox 1002 2899 1092 2945; x_wconf 89' lang='lat' dir='ltr'>nemo</span> 
     </span>
     <span class='ocr_line' id='line_1_33' title="bbox 112 2964 1093 3044; baseline 0 -15"><span class='ocrx_word' id='word_1_264' title='bbox 112 2975 266 3044; x_wconf 88' lang='lat' dir='ltr'>superest.</span> <span class='ocrx_word' id='word_1_265' title='bbox 289 2965 347 3026; x_wconf 92' lang='lat' dir='ltr'>sed</span> <span class='ocrx_word' id='word_1_266' title='bbox 367 2964 447 3024; x_wconf 88' lang='lat' dir='ltr'>hane</span> <span class='ocrx_word' id='word_1_267' title='bbox 469 2966 587 3025; x_wconf 87' lang='lat' dir='ltr'>cladem</span> <span class='ocrx_word' id='word_1_268' title='bbox 607 2965 717 3026; x_wconf 89' lang='lat' dir='ltr'>domus</span> <span class='ocrx_word' id='word_1_269' title='bbox 737 2980 827 3025; x_wconf 84' lang='lat' dir='ltr'>meae</span> <span class='ocrx_word' id='word_1_270' title='bbox 839 2972 950 3027; x_wconf 91' lang='lat' dir='ltr'>-vestra</span> <span class='ocrx_word' id='word_1_271' title='bbox 963 2968 1093 3029; x_wconf 83' lang='lat' dir='ltr'>felicitas</span> 
     </span>
     <span class='ocr_line' id='line_1_34' title="bbox 94 3048 1092 3124; baseline -0.003 -10"><span class='ocrx_word' id='word_1_272' title='bbox 94 3085 97 3089; x_wconf 57' lang='lat'><strong><em>&gt;</em></strong></span> <span class='ocrx_word' id='word_1_273' title='bbox 112 3059 143 3114; x_wconf 87' lang='lat' dir='ltr'>et</span> <span class='ocrx_word' id='word_1_274' title='bbox 156 3052 297 3114; x_wconf 86' lang='lat' dir='ltr'>secunda</span> <span class='ocrx_word' id='word_1_275' title='bbox 311 3050 433 3111; x_wconf 79' lang='lat' dir='ltr'>fortuna</span> <span class='ocrx_word' id='word_1_276' title='bbox 448 3048 571 3124; x_wconf 86' lang='lat' dir='ltr'>publica</span> <span class='ocrx_word' id='word_1_277' title='bbox 585 3049 793 3110; x_wconf 85' lang='lat' dir='ltr'>consolatur.“</span> <span class='ocrx_word' id='word_1_278' title='bbox 813 3048 902 3110; x_wconf 83' lang='lat' dir='ltr'><strong>XLII.</strong></span> <span class='ocrx_word' id='word_1_279' title='bbox 917 3049 994 3111; x_wconf 83' lang='lat' dir='ltr'>haec</span> <span class='ocrx_word' id='word_1_280' title='bbox 1007 3057 1092 3111; x_wconf 84' lang='lat' dir='ltr'>tanto</span> 
     </span>
     <span class='ocr_line' id='line_1_35' title="bbox 112 3131 1093 3210; baseline -0.007 -13"><span class='ocrx_word' id='word_1_281' title='bbox 112 3137 193 3199; x_wconf 90' lang='lat' dir='ltr'>dieta</span> <span class='ocrx_word' id='word_1_282' title='bbox 207 3136 309 3195; x_wconf 89' lang='lat' dir='ltr'>animo</span> <span class='ocrx_word' id='word_1_283' title='bbox 324 3134 422 3208; x_wconf 87' lang='lat' dir='ltr'>magis</span> <span class='ocrx_word' id='word_1_284' title='bbox 438 3131 605 3194; x_wconf 80' lang='lat' dir='ltr'>confudere</span> <span class='ocrx_word' id='word_1_285' title='bbox 619 3131 808 3195; x_wconf 88' lang='lat' dir='ltr'>audientium</span> <span class='ocrx_word' id='word_1_286' title='bbox 816 3131 946 3209; x_wconf 81' lang='lat' dir='ltr'>animos,</span> <span class='ocrx_word' id='word_1_287' title='bbox 962 3131 1093 3210; x_wconf 90' lang='lat' dir='ltr'>quamsi</span> 
     </span>
     <span class='ocr_line' id='line_1_36' title="bbox 111 3215 1007 3281; baseline -0.006 0"><span class='ocrx_word' id='word_1_288' title='bbox 111 3218 324 3281; x_wconf 87' lang='lat' dir='ltr'>miserabiliter</span> <span class='ocrx_word' id='word_1_289' title='bbox 339 3216 499 3278; x_wconf 84' lang='lat' dir='ltr'>orbitatem</span> <span class='ocrx_word' id='word_1_290' title='bbox 513 3232 601 3278; x_wconf 88' lang='lat' dir='ltr'>suam</span> <span class='ocrx_word' id='word_1_291' title='bbox 617 3215 763 3276; x_wconf 88' lang='lat' dir='ltr'>deflendo</span> <span class='ocrx_word' id='word_1_292' title='bbox 777 3216 899 3279; x_wconf 73' lang='lat' dir='ltr'>locutum</span> <span class='ocrx_word' id='word_1_293' title='bbox 914 3225 1007 3278; x_wconf 88' lang='lat' dir='ltr'>esset.</span> 
     </span>
     <span class='ocr_line' id='line_1_37' title="bbox 197 3299 1091 3375; baseline -0.007 -12"><span class='ocrx_word' id='word_1_294' title='bbox 197 3303 248 3363; x_wconf 85' lang='lat' dir='ltr'>Cn.</span> <span class='ocrx_word' id='word_1_295' title='bbox 271 3300 414 3364; x_wconf 87' lang='lat' dir='ltr'>Octavius</span> <span class='ocrx_word' id='word_1_296' title='bbox 436 3299 573 3372; x_wconf 86' lang='lat' dir='ltr'>calendis</span> <span class='ocrx_word' id='word_1_297' title='bbox 593 3300 815 3362; x_wconf 85' lang='lat' dir='ltr'>Decembribus</span> <span class='ocrx_word' id='word_1_298' title='bbox 836 3302 875 3361; x_wconf 91' lang='lat' dir='ltr'>de</span> <span class='ocrx_word' id='word_1_299' title='bbox 888 3316 962 3375; x_wconf 87' lang='lat' dir='ltr'>rege</span> <span class='ocrx_word' id='word_1_300' title='bbox 975 3300 1091 3358; x_wconf 87' lang='lat' dir='ltr'>Perseo</span> 
     </span>
     <span class='ocr_line' id='line_1_38' title="bbox 111 3379 1092 3461; baseline -0.005 -16"><span class='ocrx_word' id='word_1_301' title='bbox 111 3387 250 3446; x_wconf 78' lang='lat' dir='ltr'>navalem</span> <span class='ocrx_word' id='word_1_302' title='bbox 271 3385 456 3461; x_wconf 89' lang='lat' dir='ltr'>triumphum</span> <span class='ocrx_word' id='word_1_303' title='bbox 477 3386 549 3461; x_wconf 84' lang='lat' dir='ltr'>egit.</span> <span class='ocrx_word' id='word_1_304' title='bbox 571 3385 599 3445; x_wconf 88' lang='lat' dir='ltr'>is</span> <span class='ocrx_word' id='word_1_305' title='bbox 614 3384 787 3459; x_wconf 86' lang='lat' dir='ltr'>triumphus</span> <span class='ocrx_word' id='word_1_306' title='bbox 800 3383 868 3446; x_wconf 86' lang='lat' dir='ltr'>sine</span> <span class='ocrx_word' id='word_1_307' title='bbox 883 3381 1012 3457; x_wconf 88' lang='lat' dir='ltr'>captivis</span> <span class='ocrx_word' id='word_1_308' title='bbox 1027 3379 1092 3454; x_wconf 86' lang='lat' dir='ltr'>fuit,</span> 
     </span>
    </p>
   </div>
   <div class='ocr_carea' id='block_1_5' title="bbox 112 3463 1197 3545">
    <p class='ocr_par' dir='ltr' id='par_1_5' title="bbox 112 3463 1197 3545">
     <span class='ocr_line' id='line_1_39' title="bbox 112 3463 1197 3545; baseline -0.004 -18"><span class='ocrx_word' id='word_1_309' title='bbox 112 3468 179 3529; x_wconf 85' lang='lat' dir='ltr'>sine</span> <span class='ocrx_word' id='word_1_310' title='bbox 199 3468 317 3545; x_wconf 87' lang='lat' dir='ltr'>spoliis.</span> <span class='ocrx_word' id='word_1_311' title='bbox 338 3469 423 3530; x_wconf 89' lang='lat' dir='ltr'>dedit</span> <span class='ocrx_word' id='word_1_312' title='bbox 442 3471 537 3531; x_wconf 87' lang='lat' dir='ltr'>sociis</span> <span class='ocrx_word' id='word_1_313' title='bbox 558 3468 720 3530; x_wconf 84' lang='lat' dir='ltr'>navalibus</span> <span class='ocrx_word' id='word_1_314' title='bbox 742 3468 772 3528; x_wconf 89' lang='lat' dir='ltr'>in</span> <span class='ocrx_word' id='word_1_315' title='bbox 793 3467 933 3541; x_wconf 88' lang='lat' dir='ltr'>singulos</span> <span class='ocrx_word' id='word_1_316' title='bbox 948 3463 1092 3525; x_wconf 83' lang='lat' dir='ltr'>denarios</span> <span class='ocrx_word' id='word_1_317' title='bbox 1196 3476 1197 3480; x_wconf 73' lang='grc'>’</span> 
     </span>
    </p>
   </div>
   <div class='ocr_carea' id='block_1_6' title="bbox 0 0 1326 4017">
    <p class='ocr_par' dir='ltr' id='par_1_6' title="bbox 0 0 1326 4017">
     <span class='ocr_line' id='line_1_40' title="bbox 0 0 1326 4017; baseline 0 0"><span class='ocrx_word' id='word_1_318' title='bbox 0 0 1326 4017; x_wconf 95' lang='lat' dir='ltr'> </span> 
     </span>
    </p>
   </div>
  </div>
 </body>
</html>
