2642 4017
317 235 742 332 L1BERXL1.cAP.aa.aa
766 243 801 310 [a.
815 242 922 310 cute]
1045 236 1107 301 lae

121 388 220 462 lectis,
236 386 394 447 oraculum
408 386 546 447 aditurus
557 386 695 462 Delphos
710 388 858 449 escendit
880 404 948 449 cum
963 390 993 450 in
1008 391 1107 452 media
1153 399 1156 405 '

121 477 251 547 repente
267 469 396 529 Graecia
410 470 614 545 apparuisset,
629 485 774 545 magnum
788 487 850 532 non
865 472 999 534 finitimis
1014 474 1107 535 modo

122 556 252 617 urbibus
264 562 411 615 terrorem
424 553 572 629 praebuit,
584 554 684 614 sedin
694 554 802 615 Asiam
815 571 940 630 quoque
952 557 992 617 ad
1003 571 1108 631 regem

122 641 279 700 Eumenen
296 636 392 698 nuntii
407 636 585 698 tumultuosi
598 637 695 698 missi.
718 637 860 714 triduum,
875 656 937 701 non
951 642 1022 714 plus
1035 641 1106 701 ltet-

121 724 194 800 phis
215 727 366 793 morawa,
393 736 450 796 per
469 720 670 782 Phthiotidem
689 720 838 783 Achaiam
857 722 1108 799 Thessaliamque

121 808 191 868 sine
210 806 323 868 damno
344 804 515 880 iniuriaque
535 821 694 880 agrorum,
716 821 773 881 per
793 822 873 883 quos
893 806 951 869 iter
969 808 1055 880 iecit,
1075 809 1108 867 iu

121 906 251 966 regnum
264 887 362 950 rediit.
384 903 442 949 nee
455 904 560 949 earum
573 896 688 950 tantum
701 889 875 965 civitatium,
891 907 948 967 per
961 907 1039 967 quas
1050 889 1106 953 itu·

120 991 176 1036 rus
197 982 277 1048 erat,
297 972 375 1034 satis
394 971 501 1034 hahuit
513 973 632 1034 animos
646 973 706 1034 sihi
720 974 897 1036 conciliarez
919 983 973 1037 aut
986 976 1105 1050 legatos

121 1066 177 1120 aut
195 1057 309 1118 litteras
332 1056 458 1130 dimisit,
478 1064 586 1132 petens
606 1073 645 1118 ne
666 1058 779 1120 diutius
793 1058 1003 1133 simultatium,
1024 1075 1106 1134 quae

122 1158 193 1204 cum
208 1148 296 1216 patre
310 1156 369 1202 suo
384 1140 522 1216 inissent,
536 1142 761 1204 meminissent:
782 1158 840 1202 nec
855 1142 935 1204 euim
949 1150 1011 1203 tam
1023 1151 1105 1204 atro·

122 1242 176 1288 ees
199 1226 296 1286 luisse
317 1239 386 1298 cas,
405 1232 519 1286 utnon
538 1240 608 1286 etun
627 1225 699 1301 ipso
719 1225 873 1302 potuerint
893 1242 930 1288 ac
944 1225 1106 1288 debuerint

120 1309 218 1378 finiri3
241 1323 345 1369 mum
360 1308 486 1383 qudam
499 1309 601 1369 omnia
612 1309 671 1371 illis
681 1310 800 1385 integra
810 1326 883 1372 esse
894 1313 934 1372 ad
947 1310 1105 1370 instituen-

121 1395 194 1454 dam
214 1392 344 1454 fideliter
364 1392 540 1454 amicitiam=
568 1409 638 1454 cum
650 1393 845 1455 Achaeorum
865 1394 996 1454 maxime
1016 1400 1106 1466 gente

121 1476 370 1539 reconciliandae
389 1475 504 1552 gratim
524 1477 605 1536 viam
620 1478 797 1552 quaerebat.
825 1478 931 1537 ΧΧΙΙΙ.
952 1477 1030 1537 haee
1045 1492 1106 1536 una

120 1577 163 1622 ex
177 1561 260 1623 omni
271 1561 400 1621 Graecia
413 1575 490 1635 gens
506 1568 537 1621 et
546 1560 778 1621 Atheniensium
793 1560 909 1634 civitas,
925 1575 964 1620 eo
978 1575 1105 1635 proees-

122 1652 208 1706 serat
220 1644 348 1717 uuum,
363 1649 399 1704 ut
410 1643 523 1705 iinihus
538 1644 732 1705 interdiceret
744 1643 974 1706 Macedonibus.
1002 1645 1106 1721 itaque

121 1729 256 1791 servitiis
277 1744 317 1790 ex
336 1727 455 1788 Achaia
477 1727 661 1803 incientibus
682 1729 909 1803 receptaculum
923 1727 1106 1790 Macedonia

118 1821 202 1886 erat,
225 1813 312 1889 quia,
337 1827 405 1872 cum
420 1810 533 1872 ilnihus
548 1810 614 1872 suis
628 1811 872 1887 interdixissem,
894 1813 1006 1874 intrare
1019 1812 1105 1888 regni

120 1898 269 1959 terminos
289 1896 351 1972 ipsi
371 1911 432 1956 non
447 1896 610 1956 audebant.
638 1895 670 1956 id
687 1910 755 1956 cum
768 1894 900 1956 Perseus
914 1895 1105 1957 animadver-

33 2057 38 2063 t
120 1983 220 2055 tisset,
235 1978 427 2056 comprensis
442 1979 583 2041 omnihus
597 1980 714 2040 litterae
727 1977 777 2037 **.
795 1985 931 2040 ceterum
945 1995 984 2040 ne
997 1979 1105 2040 similis

120 2067 196 2140 iuga
208 2080 370 2126 servorum
384 2070 495 2139 postca
504 2064 599 2138 lieret,
616 2063 810 2139 cogitandum
821 2070 852 2124 et
861 2062 920 2124 illis
932 2078 1014 2125 esse.
1027 2060 1105 2122 reci·

122 2151 193 2210 tatis
213 2149 260 2209 his
282 2147 388 2209 litteris
409 2164 466 2223 per
478 2147 673 2209 Xenarchum
692 2155 879 2222 praetorem,
902 2146 954 2223 qui
968 2147 1106 2223 privatae

121 2232 239 2308 gratiae
254 2233 369 2293 aditum
384 2232 468 2307 apud
482 2247 587 2307 regem
599 2230 775 2308 quaerebat,
790 2238 821 2292 et
831 2231 989 2307 plerisque
998 2230 1105 2291 mode

119 2324 188 2378 rate
202 2324 233 2378 et
246 2316 378 2391 henigne
399 2318 530 2392 scriptas
552 2331 624 2377 esse
644 2315 842 2377 censentibus
862 2315 991 2388 litteras,
1013 2321 1105 2390 atque

119 2400 170 2461 his
181 2401 314 2460 maxime
327 2401 379 2475 qui
390 2407 511 2474 praeter
522 2416 610 2475 spem
618 2399 772 2475 recepturi
780 2402 885 2460 essent
896 2398 1010 2460 amissa
1019 2413 1104 2457 man-

121 2485 211 2560 cipia,
231 2483 405 2545 callicrates
420 2484 511 2545 exiis
526 2483 623 2559 quiin
638 2499 678 2544 eo
692 2484 769 2544 verti
782 2485 912 2545 solutam
925 2482 1025 2560 genus
1040 2496 1104 2542 cre-

120 2569 243 2641 derent,
268 2568 295 2628 si
318 2583 387 2629 eum
410 2569 557 2629 Romanis
581 2568 759 2629 inuiolatum
784 2569 894 2630 foedus
920 2572 1104 2640 servaretur,

121 2656 257 2728 „parva“
271 2652 368 2728 inquit
382 2659 455 2727 ,aut
467 2652 631 2713 mediocris
645 2667 706 2724 res,
721 2651 847 2726 Achaei
863 2651 1046 2728 quibusdam
1059 2650 1105 2709 vi·

120 2737 211 2797 detur
231 2736 295 2811 agi:
324 2752 382 2812 ego
404 2737 567 2797 maximnm
593 2736 726 2797 omnium
745 2735 1023 2811 gravissimamque
1043 2750 1105 2795 non

119 2819 172 2895 agi
185 2826 300 2880 tantum
315 2820 460 2894 arhitror,
482 2820 540 2881 scd
555 2821 690 2896 quodam
704 2819 911 2880 modo-aotam
924 2834 1006 2880 essa·
1034 2832 1105 2877 nam

121 2904 175 2979 qui
189 2904 314 2979 regibus
325 2903 529 2965 Macedonum
539 2902 826 2978 Macedonibusque
839 2903 918 2979 ipsis
932 2902 1044 2963 linibus
1059 2901 1104 2961 in·

119 2988 363 3061 terdixisscmus,
378 3003 565 3063 manereque
575 2988 608 3049 id
618 2987 783 3059 decretum,
799 2985 916 3047 scilieet
927 3001 966 3045 ne
976 2987 1104 3061 legatos,

118 3087 159 3131 ne
178 3073 302 3134 nuntios
323 3071 550 3133 admitteremus
564 3087 686 3146 regum,
708 3085 764 3146 per
779 3086 859 3146 quos
875 3071 1047 3145 aliquorum
1062 3084 1101 3129 ex

118 3155 210 3217 nohis
225 3154 317 3216 animi
332 3156 575 3230 sollicitarentur,
589 3156 612 3216 ii
625 3156 853 3216 coadunantem
865 3154 999 3230 quodam
1010 3152 1103 3215 modo

119 3237 278 3300 absentem
290 3241 432 3303 audimus
443 3255 556 3315 regern,
572 3246 611 3313 et,
626 3241 654 3300 si
666 3238 724 3300 diis
737 3239 846 3314 placet,
858 3238 1026 3301 orationem
1037 3238 1103 3297 eius

119 3324 299 3398 probamus.
326 3331 441 3386 etcum
462 3326 545 3386 serae
559 3324 678 3385 hestiae
692 3323 791 3385 cibum
807 3324 847 3383 ad
863 3323 1001 3386 fraudem
1016 3336 1103 3380 suam

120 3408 254 3482 positum
276 3410 457 3483 plerumque
477 3416 680 3485 aspernentur
700 3414 731 3469 et
748 3408 913 3482 refugiant,
938 3420 997 3466 nos
1019 3404 1102 3464 caeci

120 3490 227 3566 speeie
248 3492 337 3568 parti
357 3492 498 3553 beneficii
519 3493 706 3562 inescamur,
728 3499 759 3552 ct
778 3492 970 3551 servulorum
988 3486 1102 3548 minimi
