2642 4017
276 262 395 323 LIBER
408 262 470 323 XL.
494 260 577 323 cAP.
591 268 674 325 9-10.
694 267 850 337 [acmes]
1011 261 1053 327 61

70 432 133 494 quo
150 418 330 491 querentem
344 408 444 472 audis.
470 410 544 472 nihil
558 426 626 488 ego,
641 419 797 489 tamquam
810 421 981 488 accusator,
996 413 1053 474 cri·

68 499 191 561 minose
204 512 263 557 nec
277 495 372 557 dubia
384 494 571 571 argumentis
586 496 760 571 colligendo
771 511 841 572 ago.
864 496 1056 572 quidenna

68 588 163 659 negat
182 596 218 641 se
238 596 308 641 cum
328 579 517 640 multitudine
535 579 662 640 venisse
683 579 723 639 ad
742 579 864 641 ianuam
879 595 994 655 meam,
1014 595 1053 640 en

70 669 152 727 lerro
164 664 343 725 succinctos
357 677 463 722 secum
473 662 594 724 luisset
607 677 686 739 quos
697 663 906 738 nominavero,
917 677 1054 725 arcesse.

68 758 206 827 possunt
226 745 352 823 quidem
374 744 477 806 omnia
496 745 612 807 audere
635 746 687 821 qui
709 745 769 808 hoc
788 746 856 808 ausi
875 754 963 808 sunta
991 762 1054 808 non

69 842 171 895 tamen
183 830 342 892 audebunt
351 843 475 905 negare.
498 829 525 888 si
539 827 753 904 deprehensos
765 829 843 891 intra
851 830 942 891 limen
953 846 1054 892 meum

69 932 140 978 cum
161 916 244 976 terro
258 913 299 973 ad
312 919 343 972 tc
357 913 557 984 deducerem,
578 927 643 973 rem
658 928 715 988 pro
730 913 891 976 manifesto
906 913 1054 975 baberess

68 1002 201 1061 intentes
221 1014 280 1074 pro
299 994 502 1071 deprehensis
522 994 612 1055 habe.
638 995 677 1055 ln
698 1012 862 1058 exsecrare
874 1013 956 1059 nunc
970 997 1055 1073 cupl-

70 1084 197 1144 dilatem
209 1077 307 1156 regni,
321 1086 353 1140 et
365 1078 459 1140 iurias
474 1080 623 1140 fraternas
638 1081 769 1142 concita
790 1080 847 1142 sed
862 1096 901 1142 ne
912 1081 974 1143 sint
985 1096 1054 1142 cae·

70 1181 137 1240 cae,
153 1172 255 1242 pater,
276 1162 507 1224 exsecrationes
521 1168 606 1237 tnnc,
622 1161 779 1237 discerne,
795 1164 916 1241 dispice
930 1165 1054 1226 insidia·

68 1258 169 1312 torem
200 1255 231 1309 et
255 1247 381 1323 petitum
405 1245 541 1306 insidiisz
575 1245 701 1308 noxiam
726 1247 850 1310 incesse
871 1256 974 1324 ceput
1002 1249 1055 1323 qui

71 1334 233 1395 occisurus
249 1333 373 1391 irauem
387 1329 451 1403 isit,
466 1328 579 1391 habeat
591 1330 681 1390 etiam
696 1331 791 1393 iratos
803 1339 950 1408 paternos
961 1331 1055 1392 densa

71 1415 125 1492 qni
138 1415 293 1492 periturus
308 1414 440 1474 lraterno
454 1414 573 1474 sceiere
586 1413 651 1489 luit,
666 1415 840 1491 perfugium
851 1416 881 1475 in
892 1414 989 1491 patris
1000 1414 1055 1474 mi·

70 1499 241 1562 sericordia
251 1504 283 1559 et
295 1497 409 1558 iustitia
419 1495 540 1557 babeat.
564 1514 626 1573 quo
638 1498 720 1557 enim
733 1497 793 1560 alio
808 1498 991 1574 coniugium,
1006 1497 1056 1558 cui

70 1599 136 1645 non
147 1583 295 1643 sollemne
309 1581 435 1641 lustrale
446 1580 600 1641 exercitus
612 1581 666 1656 tui,
681 1596 744 1641 non
756 1581 908 1643 decursus
919 1580 1055 1655 militum,

71 1682 135 1728 non
150 1667 271 1737 domus,
287 1680 348 1725 non
363 1664 482 1740 epulae,
497 1680 559 1725 non
574 1679 638 1724 nox
651 1664 692 1724 ad
704 1665 837 1741 quietern
847 1666 919 1726 data
929 1671 1057 1726 naturae

70 1749 223 1811 benellcio
236 1747 415 1810 mortalibus
427 1753 493 1809 tuta
506 1753 575 1808 esti
595 1747 623 1807 si
636 1745 703 1809 iero
714 1747 755 1807 ad
769 1749 891 1810 nauem
902 1747 1053 1823 invitatus,

69 1832 263 1895 moriendum
277 1840 340 1900 est3
363 1831 391 1892 si
404 1846 552 1908 recepero
567 1832 646 1893 intra
658 1831 780 1892 ianuam
797 1833 977 1894 comisatum
995 1834 1055 1893 ira-

70 1927 165 1992 trem,
185 1916 378 1977 moriendum
398 1923 461 1977 est=
489 1930 548 1976 nec
569 1916 673 1977 eundo
687 1930 745 1976 nec
759 1916 912 1977 manendo
926 1914 1057 1977 insidias

71 2001 165 2062 evito.
187 2016 249 2076 quo
264 2016 313 2060 me
328 2000 507 2061 conferam!
527 1998 600 2060 nibil
614 2005 737 2075 praeter
750 2000 844 2075 deos,
862 2006 965 2076 pater,
981 2005 1013 2059 et
1025 2004 1057 2059 te

71 2083 163 2146 colui.
192 2099 254 2148 non
267 2085 424 2145 Romanos
444 2082 544 2144 babeo
565 2084 605 2144 ad
625 2099 706 2161 quos
724 2084 912 2161 conmgiamz
934 2082 1056 2159 perisse

71 2175 234 2243 expetunt,
257 2168 330 2244 qnia
343 2167 404 2228 tuis
418 2165 537 2228 initulis
552 2168 659 2242 doleo,
677 2168 749 2245 qnia
769 2168 822 2228 tibi
838 2168 998 2243 ademptas
1011 2172 1057 2228 tot

72 2251 182 2326 urbes,
201 2257 247 2311 tot
259 2259 375 2326 gentes,
393 2251 486 2312 modo
499 2250 647 2311 linraciac
661 2251 841 2313 maritimam
856 2265 956 2324 amm,
978 2250 1055 2310 indi·

70 2351 158 2410 gnon.
187 2350 245 2395 nec
259 2349 308 2395 me
322 2350 379 2394 nec
392 2341 423 2394 te
437 2334 581 2397 incolumi
594 2334 807 2396 Macedoniam
820 2349 910 2395 snam
925 2334 1056 2396 totamm

70 2423 209 2493 sperant.
232 2417 260 2477 si
273 2432 323 2478 me
334 2419 438 2479 scelus
449 2418 560 2494 fratris,
575 2426 605 2479 te
615 2426 761 2481 senectus
772 2417 988 2494 absumpserit
1004 2423 1057 2477 ant

70 2517 112 2561 ne
125 2517 164 2562 ea
180 2501 303 2576 quidem
317 2509 498 2577 exspectata
512 2502 617 2578 inerit,
631 2518 736 2579 regem
748 2517 940 2578 regnumque
953 2499 1056 2561 Mace·

71 2584 185 2645 doniae
205 2600 264 2645 sua
284 2586 385 2646 lutura
404 2586 515 2646 sciunt
546 2587 573 2646 si
588 2584 664 2663 quid
676 2594 763 2648 extra
775 2585 988 2648 Macedoniam
1001 2583 1057 2644 tibi

69 2667 202 2728 Romani
221 2668 434 2745 reliquissent,
454 2668 527 2730 mihi
548 2685 674 2746 quoqne
688 2671 720 2731 id
739 2670 878 2732 relictum
898 2670 1056 2731 crederem

70 2753 311 2827 receptaculum.
338 2760 370 2814 at
383 2752 413 2812 in
427 2752 649 2815 Macedonibus
671 2753 747 2815 satis
769 2752 916 2830 praesidii
930 2759 987 2814 est.
1009 2752 1055 2812 vi·

70 2834 145 2895 disti
158 2834 303 2897 hesterno
319 2836 368 2897 die
382 2836 528 2911 impetum
541 2836 572 2897 in
586 2852 635 2897 me
646 2837 782 2899 militum.
805 2837 878 2913 quid
889 2835 949 2896 iliis
960 2834 1057 2896 debut

70 2917 286 2979 nisi'ierramt
313 2920 399 2995 quod
419 2918 479 2981 iliis
499 2920 595 2981 deluit
615 2921 761 2993 interdiu,
785 2920 935 2981 convivae
953 2917 1055 2979 iratris

70 3006 165 3062 noctu
180 3002 426 3079 adsumpserunt.
455 3003 530 3079 quid
543 3004 583 3065 dc
596 3019 708 3081 magna
722 3011 808 3080 perte
822 3003 995 3080 principum
1010 3001 1055 3061 lo·

72 3100 165 3159 quar,
187 3086 240 3161 qui
260 3087 291 3146 in
305 3086 453 3148 Romanis
467 3101 555 3164 spem
569 3102 690 3149 omnem
702 3087 857 3162 dignitatis
871 3093 902 3148 et
915 3087 1056 3148 iortunae

70 3175 251 3244 posuerunt,
266 3177 297 3231 et
310 3170 341 3231 in
355 3186 395 3232 eo
410 3168 462 3246 qui
477 3171 579 3232 omnia
593 3172 678 3247 apud
687 3172 845 3233 Romanos
858 3176 982 3247 potesti
1001 3184 1055 3230 ne·

72 3267 135 3326 que
154 3251 279 3315 hercule
300 3255 391 3316 islam
412 3253 484 3314 mibi
503 3262 620 3316 tantum
635 3255 720 3317 iratri
733 3254 857 3327 maiori,
883 3255 941 3315 sed
955 3268 1055 3330 prope

70 3343 120 3395 est
134 3341 168 3396 ut
180 3336 235 3396 tibi
249 3352 375 3413 quoque
389 3339 458 3413 ipsi,
472 3335 681 3414 reginmar,
697 3339 879 3415 praeierant.
901 3334 960 3400 iste
973 3336 1054 3398 enim

69 3425 129 3493 est,
145 3420 234 3481 cuius
249 3419 401 3482 beneficio
417 3437 549 3497 poenam
563 3422 616 3484 tibi
628 3430 755 3485 senatus
769 3422 894 3493 remisit,
910 3420 962 3497 qui
972 3430 1055 3478 nnnc

70 3507 102 3561 te
116 3502 156 3562 ab
173 3504 266 3565 armis
279 3505 429 3566 Romanis
442 3505 589 3582 protegit,
611 3507 664 3583 qui
677 3513 760 3569 tuam
774 3511 962 3568 senectutem
977 3498 1052 3560 obli·
