2642 4017
318 165 432 227 LIBER
447 167 536 226 XLll.
559 167 641 226 cnP.
656 177 700 230 22.
711 176 755 230 23.
778 177 815 243 [ι.
828 176 860 228 C.
873 176 936 244 lia]
1057 171 1118 237 147

136 317 318 378 auctoritate
336 315 439 388 fieret,
462 317 665 392 triumphavit.
698 317 888 393 rogationem
908 319 1053 382 Marciam
1080 323 1120 383 de

136 400 301 476 Liguribus
315 414 427 474 magno
442 414 599 460 consensu
612 400 719 474 plebes
735 398 825 469 scivit
838 401 999 478 iussitque.
1026 420 1066 465 ex
1080 421 1118 467 eo

135 482 303 561 plebiscito
323 482 356 543 C.
376 480 511 542 Licinius
531 491 657 558 praetor
677 485 832 545 consuluit
850 493 1005 560 senatum,
1027 505 1119 563 quern

138 582 290 643 quaerere
304 581 343 626 ea
355 566 516 640 rogatione
529 567 630 626 vellet.
645 574 751 641 patres
765 567 868 643 ipsum
881 584 952 630 eum
967 586 1116 645 quaerere

136 651 304 710 iusserunt.
361 648 451 708 XXII.
480 656 544 710 tum
564 648 686 710 demum
706 651 852 713 consules
878 652 909 712 in
929 653 1119 728 provinciam

137 732 271 809 proiecti
291 740 378 807 sunt,
404 733 633 807 exercitumque
658 748 686 792 a.
706 733 747 794 ll.
769 734 898 810 PopillIo
923 747 1118 812 acceperunt

137 833 241 892 neque
253 825 355 876 umen
366 814 407 875 Μ.
418 815 565 891 Popillius
576 817 689 877 reverti
700 817 828 878 Romam
838 819 981 893 audebat,
996 835 1035 880 ne
1045 836 1117 881 oau-

139 917 208 960 sam
220 899 337 960 diceret
346 899 479 960 adverso
491 905 608 973 senatu,
623 900 781 962 infestiore
792 903 920 978 populo,
934 904 1019 978 apud
1029 919 1119 979 prae·
1163 938 1171 947 ·

137 993 246 1057 torem,
259 983 311 1058 qui
318 982 358 1042 de
369 982 587 1057 quaestionein
598 998 634 1043 se
642 983 745 1058 posita
753 993 892 1047 senatum
899 987 1116 1048 consuluisset.

139 1067 211 1127 huic
233 1065 442 1126 detractationi
462 1069 529 1126 eius
550 1066 662 1127 tribuni
683 1066 783 1143 plebis
803 1067 927 1131 alterius
948 1070 1116 1146 rogationis

139 1150 369 1210 denuntiatione
383 1157 588 1224 occurrerunt,
602 1157 637 1211 ut
649 1151 677 1212 si
692 1167 753 1212 non
765 1160 835 1212 ante
846 1152 916 1213 idus
927 1153 1116 1215 Novembres

138 1235 171 1294 in
192 1232 300 1293 urbem
319 1232 448 1293 Romam
469 1233 633 1308 introisset,
658 1234 698 1294 de
718 1235 847 1297 absente
868 1251 906 1297 eo
929 1237 960 1297 C.
981 1235 1116 1297 Licinius

139 1323 287 1377 statueret
306 1331 343 1376 ac
364 1315 519 1376 iudicaret.
542 1317 601 1378 hoo
621 1325 738 1380 tractus
751 1318 874 1379 vinculo
888 1335 959 1379 oum
973 1320 1115 1393 redisset,

84 1461 87 1472 ,
138 1400 253 1475 ingenti
274 1415 344 1459 cum
364 1397 479 1459 invidia
498 1401 528 1459 in
550 1408 689 1461 senatum
710 1401 800 1463 venit.
823 1402 865 1462 ibi
880 1418 950 1462 eum
964 1404 1116 1462 laceratus

138 1483 245 1557 iurgiis
259 1484 421 1544 multorum
436 1491 528 1555 esset
549 1491 676 1545 senatus
691 1486 864 1546 consultum
878 1484 990 1545 iactum
1005 1492 1062 1557 est,
1084 1492 1117 1545 ut

141 1565 194 1642 qui
206 1567 350 1641 Ligurum
366 1573 438 1641 post
452 1566 486 1640 Q.
497 1567 635 1627 Fulvium
644 1567 681 1627 L.
692 1567 837 1628 Manlium
853 1567 997 1629 consules
1008 1567 1115 1628 hostes

139 1666 202 1711 non
217 1650 360 1722 inissent,
381 1657 415 1710 ut
428 1665 484 1711 eos
500 1650 531 1710 C.
545 1650 681 1711 Licinius
695 1651 748 1711 Cn.
764 1650 896 1711 Sicinius
912 1658 1070 1727 praetores
1084 1650 1115 1710 in

139 1735 306 1794 libertatem
320 1731 527 1794 restituendos
547 1743 704 1808 curarent,
726 1750 896 1810 agnumque
908 1733 947 1796 iis
961 1741 1044 1795 hans
1059 1734 1115 1793 Pa·

140 1818 212 1877 dum
227 1819 335 1877 consul
356 1817 387 1877 C.
401 1816 548 1892 Popillius
563 1818 658 1879 daret
683 1818 777 1879 multa
791 1818 873 1879 milia
886 1819 1042 1879 hominnm
1056 1817 1116 1878 hoc

139 1907 266 1962 senatus
287 1900 429 1961 consulto
449 1900 587 1962 restituta
608 1899 639 1961 in
661 1901 843 1975 libertatem,
867 1902 1116 1975 transductisque

137 1984 254 2044 Padum
270 1998 344 2058 ager
357 1992 405 2045 est
418 1982 606 2059 adsignatus.
621 1984 662 2045 Μ.
674 1985 821 2061 Popillius
832 1985 992 2060 rogatione
1001 1983 1117 2043 Marcia

138 2068 191 2129 bis,
202 2067 285 2142 apud
301 2066 331 2128 C.
346 2067 493 2128 Licinium
507 2084 631 2129 causam
645 2069 736 2129 dixitr
757 2068 844 2130 tertio
860 2074 998 2143 praetor,
1019 2062 1117 2141 maiia

140 2148 276 2211 consulis
304 2150 441 2211 absentis
469 2158 499 2211 et
518 2151 666 2228 Popilliae
687 2150 819 2213 familiae
840 2150 984 2226 precibus
1006 2149 1115 2222 motus,

138 2235 241 2295 idibus
255 2233 372 2294 Martiis
388 2235 500 2295 adesse
514 2251 600 2296 reum
614 2236 715 2311 iussit,
731 2252 792 2311 quo
807 2235 858 2295 die
872 2234 943 2295 novi
958 2232 1116 2308 magistra-

138 2327 189 2379 tus
205 2317 305 2378 inituri
320 2325 407 2377 erant
419 2318 583 2392 honorem,
604 2335 645 2379 ne
658 2319 835 2380 discretius
850 2317 902 2393 qui
917 2318 1055 2393 privatus
1070 2317 1115 2375 iu·

138 2409 225 2462 turus
241 2407 333 2461 esset.
355 2402 397 2462 ita
410 2402 528 2477 rogatio
544 2403 583 2462 de
593 2401 756 2479 Liguribus
771 2408 836 2462 arte
847 2401 948 2461 lallaoi
959 2402 1048 2460 elusa
1058 2405 1114 2459 est.

221 2484 326 2545 XXIII.
352 2484 459 2560 Legati
484 2485 750 2561 Carthaginienses
775 2502 813 2547 eo
838 2491 978 2560 ternpore
998 2483 1116 2544 Romae

138 2575 234 2644 erant,
248 2575 279 2629 et
294 2568 427 2629 Gulussa
440 2567 522 2629 filius
535 2568 728 2631 MnsInissae.
743 2568 821 2630 inter
834 2584 891 2630 eos
902 2581 1032 2643 magnae
1042 2581 1115 2626 oon-

137 2653 288 2713 tentiones
309 2653 339 2710 in
361 2659 470 2713 senatu
489 2654 585 2715 inere.
621 2653 887 2727 Carthaginienses
909 2650 1117 2727 querebantur

136 2743 259 2811 praeter
278 2751 400 2810 agrurn,
427 2736 466 2796 de
488 2753 549 2811 qno
571 2744 641 2796 ante
660 2737 751 2810 legati
773 2735 811 2795 ab
831 2736 945 2809 Roma,
970 2733 1023 2809 qui
1036 2733 1067 2793 in
1080 2746 1115 2791 re

137 2818 293 2894 praesenti
305 2827 537 2894 cognoscerent,
552 2818 639 2879 missi
650 2826 765 2889 essent,
778 2818 909 2894 amplius
921 2815 1116 2892 septuaginta

138 2904 254 2979 oppida
274 2904 461 2978 castellaque
483 2904 549 2978 agri
563 2902 822 2977 Carthaginiensis
836 2901 958 2961 biennio
974 2899 1115 2975 proximo

136 2986 333 3047 Masinissam
352 2987 383 3046 vi
403 2992 496 3061 atque
516 2986 608 3046 armis
629 2986 822 3061 possedisse.
850 2984 882 3044 id
896 2984 954 3059 illi,
977 2983 1026 3043 oui
1041 2981 1116 3042 nihil

136 3071 226 3144 pensi
247 3068 301 3142 sit,
328 3070 417 3130 facile
437 3085 519 3130 esse.
549 3069 814 3146 Carthaginienses
836 3067 963 3128 loedere
983 3064 1115 3141 illigatos

137 3153 243 3214 silere:
272 3153 428 3229 prohiberi
450 3151 529 3212 enim
550 3160 637 3214 extra
655 3152 735 3213 fines
756 3151 866 3213 efferre
887 3166 981 3213 anna.
1009 3164 1116 3223 quam·

137 3254 227 3312 quarn
243 3235 342 3298 sciant
355 3237 386 3296 in
400 3237 467 3297 suis
480 3237 603 3311 tinibus,
619 3237 645 3297 si
659 3237 733 3298 inde
746 3233 893 3300 Numidas
907 3234 1064 3311 pellerent,
1081 3243 1115 3289 se

136 3329 281 3395 gesturos
295 3319 418 3395 bellum,
432 3319 486 3380 ilio
500 3318 583 3380 haud
598 3320 742 3395 ambiguo
757 3319 857 3394 eapite
868 3315 1002 3380 foederis
1015 3314 1114 3372 deter-

136 3403 211 3477 reri,
234 3419 297 3480 quo
312 3403 426 3463 diserte
440 3410 579 3465 vetentur
593 3420 662 3464 oum
678 3404 771 3465 sociis
787 3394 1036 3544 p⁰pfflieR⁰m³ni
1051 3393 1113 3453 bel-
