2642 4017
312 267 427 328 LIBER
440 267 544 328 XLIV.
565 268 693 332 cAPno.
718 275 754 342 [a.
767 274 798 327 O.
812 275 873 342 168]
1018 266 1080 329 253

100 435 220 488 murum
234 422 384 483 sustineat
397 427 428 480 et
439 421 568 481 humore
579 421 785 482 circumfusae
797 420 919 496 paludis
934 420 1009 480 nihil
1022 420 1086 480 lae·

99 511 200 570 datur.
228 522 315 567 muro
337 504 423 566 urbis
445 503 608 566 coniuncta
630 506 740 580 procui
760 504 896 565 videtur:
919 502 1018 564 divisa
1038 511 1086 564 est

100 589 287 654 intermurali
298 587 380 648 amni
391 588 537 649 eteadem
548 593 642 664 ponte
653 589 766 662 iuncta,
779 595 813 648 ut
823 593 1086 663 necoppugnante

99 683 229 736 externo
244 671 360 733 aditum
375 672 414 732 ab
427 673 491 732 ulla
503 678 592 747 parte
605 671 727 746 habeat,
751 686 809 731 nec
824 670 852 732 si
867 686 959 747 quem
974 670 1015 730 ibi
1029 684 1087 730 rex

100 758 250 830 includat,
271 757 365 816 ullum
385 755 444 815 nisi
465 770 522 831 per
542 753 704 815 facillimae
719 755 880 816 custodiae
902 760 1028 830 pontem
1043 753 1086 812 el-

100 841 226 917 iugium.
259 848 290 900 ct
302 855 379 915 gaza
393 839 478 914 regia
492 839 522 898 in
534 854 573 899 eo
583 840 654 898 loco
667 845 747 899 erat=
763 839 821 899 sed
832 847 895 899 tum
906 837 981 898 nihil
993 850 1085 913 prae·

101 934 148 987 ter
166 931 304 986 trecenta
319 923 445 997 talenta,
467 937 547 998 quae
565 921 662 982 missa
680 922 788 983 Gentio
805 923 886 998 regi,
908 921 1020 982 deinde
1037 934 1086 979 ra·

101 1016 186 1070 tenta
205 1009 341 1081 inerant,
365 1004 521 1067 inventum
541 1012 599 1066 est.
635 1021 693 1081 per
719 1022 800 1081 quos
820 1006 888 1067 dies
912 1004 954 1065 ad
972 1002 1088 1063 Pellam

103 1093 215 1153 stativa
229 1092 365 1162 luerunt,
387 1089 558 1166 legationes
572 1090 767 1166 trequentes,
783 1106 864 1166 quae
878 1089 918 1151 ad
932 1087 1087 1164 gratulan-
1184 1140 1186 1145 ,

101 1177 175 1237 dum
200 1182 420 1248 convenerant,
445 1174 578 1233 maxime
602 1188 642 1233 ex
665 1173 840 1249 Thessalia,
861 1172 984 1235 auditae
1004 1176 1085 1231 sunt

101 1259 207 1320 nuntio
232 1258 343 1318 deinde
368 1263 497 1332 accepto
518 1256 632 1317 Persea
657 1257 889 1319 Samothracam
917 1254 1085 1327 traiecisse,

102 1344 261 1419 proiectus
277 1359 296 1401 a
311 1341 395 1403 Pella
409 1341 518 1402 consul
534 1341 651 1415 quartis
666 1342 776 1403 caruis
787 1339 997 1416 Amphipolim
1015 1351 1084 1411 per·

103 1425 198 1486 venit
232 1424 332 1486 effusa
343 1425 442 1486 omnis
458 1425 581 1485 obviam
595 1425 686 1485 turba
700 1423 798 1486 cuivis
812 1423 926 1483 indicio
942 1426 1008 1481 erat
1021 1433 1083 1479 uon

101 1509 184 1571 bono
198 1524 235 1570 ac
249 1510 330 1570 iusto
344 1525 418 1585 rege
433 1508 509 1569 orba
522 1506 567 1564 **.

429 1934 571 2028 illl
615 1934 753 2028 livi

304 2177 308 2183 .
384 2094 438 2162 nn
459 2100 577 2164 unna
601 2099 807 2163 couniri

481 2233 592 2294 eman
613 2232 699 2293 xiv.

117 2497 271 2549 uertebra.
298 2499 406 2549 Perseus
428 2501 460 2549 ab
478 2498 589 2549 Aemilio
605 2496 685 2548 Paulo
704 2497 732 2545 in
749 2492 915 2545 Samothrece
930 2500 1019 2558 captus
1036 2501 1083 2543 cst.

153 2582 212 2617 cum
223 2567 366 2617 Antiochus
384 2567 475 2634 Syriae
492 2584 539 2619 rex
558 2567 731 2619 Ptolemaeum
750 2573 775 2615 et
793 2562 954 2626 Cieopatram
973 2562 1086 2628 Aegypti

153 2650 228 2700 reges
249 2636 384 2695 obsideret,
401 2645 426 2686 et
442 2638 529 2686 missis
546 2638 580 2687 ad
596 2652 654 2688 eum
669 2631 896 2698 asenatuiagatis,
917 2631 1086 2693 quiiuberent

153 2704 185 2752 ab
196 2703 329 2751 obsidione
339 2703 405 2752 socii
414 2707 483 2769 regis
502 2706 636 2766 absistere,
655 2705 783 2764 editisque
802 2699 929 2751 mandatis
940 2699 1086 2750 considers-

152 2777 238 2817 turum
250 2784 279 2817 se
291 2769 354 2830 quid
364 2770 509 2820 iaciendum
523 2781 591 2821 esset
597 2773 782 2836 respondisset,
802 2783 868 2819 uuus
883 2783 917 2818 ex
933 2767 1025 2834 legatia
1036 2769 1085 2818 Po·

154 2835 246 2902 pillius
262 2839 337 2901 virga
352 2852 440 2901 regem
457 2840 667 2904 circumscripsit,
684 2839 819 2899 iussitque,
838 2844 973 2897 antequam
988 2835 1085 2887 circuio

155 2905 297 2963 excederet,
305 2918 456 2968 responsum
470 2906 550 2954 daret.
581 2921 631 2969 qua
640 2907 776 2970 asperitate
788 2904 880 2965 effecit,
897 2911 925 2951 ut
944 2904 1085 2956 Antiochus

153 2973 250 3025 bellam
265 2974 401 3024 omitteret.
436 2972 577 3039 legationes
592 2974 775 3039 gratulantium
788 2971 942 3038 populorum
958 2979 1034 3036 atqua
1046 2990 1085 3023 re·

153 3060 215 3110 gum
228 3044 255 3093 in
267 3051 384 3093 senatum
396 3043 533 3102 admissae,
545 3042 712 3102 Rhodiorum,
731 3041 792 3104 quia
806 3056 837 3091 eo
849 3038 917 3091 bello
935 3051 1024 3092 contra
1038 3057 1085 3107 po·

150 3113 241 3179 pulum
253 3113 395 3162 Romanum
414 3111 523 3175 fuerant,
541 3111 654 3161 exclusa.
686 3116 790 3176 postero
799 3109 841 3160 die
852 3124 911 3159 cum
922 3109 954 3159 de
965 3125 995 3161 eo
1007 3125 1085 3174 quae·

152 3192 258 3247 seretur,
269 3189 298 3231 nt
310 3182 344 3230 iis
356 3179 453 3233 bellum
464 3181 626 3245 indiceretur,
643 3194 747 3230 causam
765 3180 793 3230 in
803 3186 891 3229 senatu
907 3180 1006 3243 patriae
1023 3194 1084 3229 suae

153 3251 352 3317 legatiegerunt.
365 3259 548 3314 necmmquem
557 3251 809 3311 sociinectumquam
814 3247 901 3300 hostes
909 3248 1018 3298 dimissi.
1031 3249 1084 3296 Ma-

151 3319 684 3385 cedouiainprovinciaeiormamredacte
703 3326 750 3368 ast.
776 3316 901 3368 Aemilius
912 3317 1017 3373 Paulus,
1042 3330 1084 3363 re-

150 3391 323 3455 pugnantibus
334 3390 459 3441 militibus
469 3391 550 3455 ipsius
555 3396 660 3454 propter
672 3388 795 3437 minorem
803 3388 933 3452 praedam,
947 3394 972 3435 et
984 3390 1083 3432 contra-

151 3459 251 3508 dicente
268 3457 325 3509 Ser.
345 3457 461 3526 Sulpicio
481 3457 561 3509 Galba
572 3457 753 3524 triumphavit,
771 3462 796 3507 et
812 3456 906 3507 Persen
923 3468 981 3502 cnm
1002 3449 1084 3499 tribus

151 3526 213 3576 liliis
235 3528 309 3577 duxit
330 3536 388 3578 ante
406 3543 518 3581 currum.
549 3528 622 3578 cuius
642 3525 768 3591 triumphi
786 3524 884 3574 laetitia
900 3536 932 3570 ne
951 3517 1035 3569 aalide
1057 3519 1082 3565 ei
