2642 4017
221 230 283 294 268
381 232 497 293 LlssER
510 231 601 292 XLV.
625 231 709 292 cni).
725 240 767 295 re.
784 239 826 295 rt.
844 239 881 306 [a.
892 238 926 291 υ.
940 256 964 296 c.
976 238 1040 307 aas]

221 385 314 446 aedes
330 385 421 446 deum
436 382 591 460 penatium
611 384 642 444 in
655 384 748 445 Velia
762 385 802 445 de
818 385 905 445 caelo
922 391 1002 445 tacta
1022 393 1102 460 erat,
1124 394 1156 449 et
1175 387 1205 449 in

221 469 338 546 oppido
354 468 504 529 Minervio
520 468 601 528 duae
615 475 724 544 portae
744 473 774 527 et
794 468 871 528 muri
892 467 1092 543 aliquantum.
1121 472 1205 531 Ana·

221 553 312 628 gniae
326 559 408 613 terra
424 553 557 628 pluerat,
579 558 610 611 et
629 550 757 611 Lanuvii
778 551 874 611 lexin
891 551 977 612 caelo
992 552 1060 612 visa
1072 560 1153 624 eram
1176 562 1206 616 et

221 634 355 697 Calatiae
368 634 400 696 in
414 635 538 711 publice
554 649 628 709 agro
642 634 684 694 Μ.
701 634 844 695 Valerius
860 633 936 694 civis
957 636 1115 696 Romanus
1127 653 1204 699 nun·
1317 676 1319 715 3

220 719 315 780 tiabat
327 734 367 779 ex
381 720 453 781 loco
468 735 527 780 suo
542 717 724 793 sanguinem
738 717 939 794 pertriduum
955 724 987 779 et
1002 719 1079 778 duas
1095 730 1204 782 noctes

220 817 374 863 manasse.
397 803 438 863 ob
453 803 485 862 id
497 802 630 862 maxime
645 801 811 862 decemviri
824 801 920 863 libros
935 802 1021 862 adire
1034 800 1113 863 iussi
1129 820 1202 880 sup·

221 886 416 962 plicationem
430 887 461 946 in
476 885 557 946 diem
570 901 665 946 unum
678 886 795 961 populo
811 883 986 958 edixerunt,
1008 892 1038 945 ct
1052 887 1204 962 quinqua·

220 970 304 1044 ginta
317 967 419 1043 capris
434 968 464 1028 in
480 969 548 1030 loro
563 968 825 1030 sacrificaverunt
861 969 1033 1030 stallorum
1046 970 1204 1047 prodigio·

220 1067 289 1112 rum
304 1066 400 1111 causa
413 1049 494 1112 diem
509 1053 637 1114 alterum
651 1052 835 1128 supplicatio
851 1050 933 1112 circa
947 1052 1050 1114 ornnia
1064 1054 1203 1128 pulvina-

219 1134 266 1195 ria
272 1133 328 1196 luit
334 1140 365 1195 et
370 1132 478 1196 hostiis
485 1135 652 1196 maioribus
666 1134 869 1197 sacrificatum
880 1142 930 1196 est
940 1142 970 1197 et
981 1136 1054 1197 urbs
1066 1139 1204 1199 lustrata.

220 1219 301 1290 iude,
327 1218 412 1294 quod
436 1219 476 1278 ad
501 1218 650 1280 honorem
674 1219 765 1280 deum
789 1218 1002 1281 immortalium
1029 1220 1202 1294 pertineret,

221 1300 358 1363 decrevit
374 1308 510 1378 senatus,
524 1308 558 1363 ut
569 1302 714 1378 qnoniam
724 1303 898 1378 perduelles
910 1304 1056 1379 superati,
1067 1304 1203 1367 Perseus

220 1386 385 1448 arcendus
395 1401 487 1461 reges
499 1401 567 1446 cum
576 1385 759 1448 Macedonia
770 1393 862 1462 alque
873 1387 995 1465 illyrico
1008 1387 1038 1447 in
1050 1396 1204 1466 potestate
1265 1450 1267 1452 ,
1316 1442 1317 1467 ,

220 1469 327 1546 populi
350 1468 479 1532 Romani
499 1476 620 1545 essent,
640 1476 675 1530 ut
695 1477 809 1546 quanta
828 1471 913 1531 dona
930 1472 991 1546 Ap.
1014 1470 1140 1534 Claudio
1160 1472 1201 1533 M.
1316 1472 1317 1475 ’

221 1552 406 1630 Sempronio
418 1552 598 1616 consulibus
610 1554 650 1615 ob
662 1554 815 1615 devictum
822 1553 1005 1624 Antiochum
1015 1570 1119 1630 regern
1131 1556 1203 1616 data

220 1636 261 1696 ad
275 1637 377 1697 omnia
394 1635 565 1713 pulvinaria
585 1644 705 1710 essent,
727 1643 811 1700 tanta
829 1636 865 1712 Ω.
887 1636 1012 1699 cassius
1033 1644 1064 1698 et
1081 1638 1131 1698 rr.
1153 1639 1201 1698 lu·
1316 1690 1317 1693 ,

221 1720 342 1781 ventius
357 1726 517 1796 praetores
532 1728 674 1783 curarent
688 1721 798 1782 danda.

247 1868 261 1882 .
299 1804 393 1864 xvtt.
412 1802 544 1878 Legatos
561 1804 682 1876 deinde,
707 1820 836 1880 quorum
851 1805 890 1864 de
906 1806 1056 1866 sententia
1070 1805 1201 1880 impera·

220 1894 302 1948 tores
315 1886 352 1946 L.
366 1886 479 1948 Paulus
493 1888 526 1948 L.
541 1889 669 1949 Anicius
684 1896 903 1964 componerent
916 1903 977 1961 res,
1000 1890 1203 1950 decreverunt

220 1971 326 2031 decem
342 1971 373 2031 in
387 1971 608 2047 Macedoniarn,
629 1970 767 2049 quinque
777 1972 812 2032 in
824 1972 986 2049 Illyricum.
1009 1972 1039 2032 in
1054 1971 1201 2033 Macedo·
1318 1987 1321 1992 ·

222 2055 303 2115 niam
318 2061 390 2117 sunt
402 2056 434 2116 hi
449 2055 602 2130 nominali,
619 2059 657 2116 Α.
672 2055 846 2117 Postumius
860 2055 981 2117 Luscus
997 2057 1027 2116 c.
1045 2056 1200 2131 Claudius,
1318 2090 1319 2103 2

219 2139 309 2205 ambo
323 2138 345 2201 ii
360 2139 508 2206 censoriis
523 2139 557 2180 ⁴¹*
571 2139 603 2200 C.
613 2140 747 2202 Licinius
759 2139 899 2214 Crassus,
916 2140 1034 2214 collega
1045 2138 1075 2199 in
1088 2153 1203 2203 consu-

219 2224 281 2284 latu
304 2222 406 2285 Pauli=
435 2231 498 2284 turn
520 2231 686 2299 prorogato
711 2223 839 2299 imperio
860 2222 1047 2298 provinciam
1073 2223 1200 2284 Galliam

220 2305 361 2368 habebat
382 2307 420 2368 iis
436 2306 651 2368 consularibus
667 2307 813 2368 addidere
835 2306 887 2367 cn.
902 2306 1063 2367 Domitium
1076 2305 1201 2368 Aheno-

219 2390 348 2451 barbum
369 2389 435 2451 Ser.
458 2390 631 2450 cornelium
653 2388 767 2451 Sullam
787 2391 821 2450 L.
842 2390 960 2451 Iunium
980 2390 1013 2449 Τ.
1031 2389 1201 2451 Numisium

219 2472 471 2549 Tarquiniensem
490 2474 527 2531 A.
542 2472 714 2532 Terentium
732 2475 904 2534 Varronem
919 2475 950 2534 0.
964 2472 1121 2535 misaam
1134 2474 1202 2537 la-

219 2557 346 2617 ternam,
382 2555 412 2613 in
426 2552 582 2630 Illyricum
596 2561 697 2614 autern
712 2555 744 2615 hi
758 2555 917 2631 nominati,
935 2556 967 2616 P.
985 2557 1092 2617 Aelius
1105 2556 1201 2632 Ligus

219 2637 401 2710 consularis,
421 2636 452 2696 C.
468 2637 622 2700 Cicereius
637 2644 668 2699 et
683 2639 735 2698 cn.
754 2638 889 2702 Baebius
905 2640 1080 2716 Tamphilus
1093 2671 1136 2683 —
1150 2642 1200 2701 hic

220 2721 321 2798 priore
334 2735 424 2795 anno,
440 2720 594 2782 Cicereius
608 2722 710 2784 multis
724 2730 794 2784 ante
804 2722 893 2785 annis
904 2732 1028 2800 praetor
1039 2725 1137 2785 luerat
1147 2757 1199 2797 -,

218 2803 250 2865 P.
271 2805 431 2867 Terentius
453 2805 690 2883 Tusciuicanus,
711 2806 742 2866 P.
763 2806 916 2868 Manilius.
957 2807 1062 2869 moniti
1088 2806 1202 2868 deinde

219 2890 363 2950 consules
379 2890 557 2966 apatribus,
568 2897 609 2966 ut,
625 2891 770 2967 quoniam
782 2891 909 2953 alterum
921 2907 961 2952 ex
971 2892 1019 2952 his
1031 2891 1199 2952 succedere

219 2972 249 3033 c.
257 2970 384 3049 Licinio,
400 2975 577 3051 quilegatus
589 2975 762 3037 uondnatus
773 2981 847 3049 erat,
863 2974 893 3035 in
899 2974 1026 3036 Galliam
1034 2981 1202 3050 oporteret,

218 3057 316 3131 primo
332 3074 458 3133 quoque
470 3066 609 3133 tempore
624 3058 799 3134 provincias
822 3064 874 3120 aut
893 3064 1108 3134 compararent
1121 3058 1201 3118 inter

96 3137 101 3146 ’
217 3154 254 3201 se
268 3147 319 3200 aut
333 3142 521 3216 sortirentur,
533 3143 631 3203 sortiti
643 3149 724 3203 sunt.
744 3141 784 3202 tt.
800 3143 885 3202 Iunio
897 3142 985 3203 Pisae
1000 3142 1200 3216 obvenerunt,

218 3238 310 3300 quem
324 3224 503 3301 priusquam
518 3225 549 3285 in
564 3226 754 3301 provinciam
769 3226 834 3300 iret,
848 3227 1027 3302 legationes,
1049 3240 1128 3301 quae
1143 3242 1198 3284 un-

218 3307 312 3383 dique
325 3308 453 3369 Romam
467 3310 649 3382 gratulatum
666 3315 883 3383 convenerunt,
894 3309 1088 3370 introducere
1101 3308 1131 3366 in
1148 3322 1197 3367 se-

219 3400 322 3452 natum
337 3391 458 3467 placuit,
477 3389 511 3465 Q.
525 3391 613 3450 Aelio
630 3393 734 3452 Gallia.
771 3399 904 3452 ceterum
920 3406 1104 3466 quamquam
1119 3391 1199 3450 tales

216 3473 275 3533 viri
289 3472 485 3545 mitterentur,
502 3488 630 3547 quorum
644 3475 684 3533 de
698 3474 828 3535 consilio
844 3474 961 3548 sperari
977 3480 1086 3548 posset
1101 3474 1199 3548 impe
