2642 4017
247 212 310 274 316
416 210 613 272 EPITOMAE
627 210 833 272 LIBRORUM
849 211 1057 271 CXI—CXVI.

245 360 365 417 peeceldils
383 362 432 402 eius
452 373 502 403 cum
521 372 600 414 magua
614 360 680 402 clade
693 360 796 402 diversae
809 360 883 412 partis
896 360 1031 411 expugnatis
1044 358 1164 401 obsidione
1179 359 1234 400 llbe-

243 419 315 465 ratus,
331 416 443 457 translato
457 414 624 457 inTieeeeailaur
639 413 706 465 laelio,
721 414 781 468 apud
788 413 928 455 Pharsaliam
942 415 990 453 acie
1004 414 1079 454 victua
1093 417 1136 454 eet.
1153 413 1236 456 Cicero

245 472 268 512 in
282 471 364 511 custrls
377 471 496 520 remansit,
515 472 550 510 rlr
568 468 624 509 oilli
642 469 796 521 utnusquam
811 468 839 509 ad
854 465 914 507 bella
927 471 1005 517 nature
1025 468 1177 519 omnibusque
1195 466 1235 508 ad·

244 520 1198 630 ”tiit'’ilium''lntittlltillitzaltttiiztttitit.
1212 578 1236 616 a

244 634 297 685 tuga
311 632 446 673 reseruntur.
466 632 508 676 Cn.
523 630 644 683 Pompeius
658 642 708 671 cum
722 634 846 684 aegyptum
860 630 1044 682 petisset,luasu
1060 629 1185 670 Ptolemae!
1200 640 1234 670 re

243 688 278 739 pls
293 685 384 740 pupilli,
399 690 490 727 auctore
504 682 618 726 Theodoto
632 688 785 738 praeceptore,
800 685 862 725 cuius
877 682 936 735 apud
950 693 1025 735 regem
1038 694 1118 736 magna
1132 687 1183 723 crat
1197 695 1235 724 au·

243 742 350 790 ctoritaa,
364 741 389 780 et
402 739 508 789 Pothino,
527 740 616 779 occisus
630 739 666 779 eet
680 740 707 778 ab
723 737 823 789 Achilla,
843 738 878 777 cui
894 736 917 778 ld
932 738 1019 777 lacinus
1033 740 1081 779 erat
1094 736 1233 789 delegatum,

243 795 265 835 ln
286 791 401 843 navicula,
420 797 539 845 antequam
560 794 582 834 ln
604 794 685 834 terraru
704 794 784 834 eulret.
804 790 909 833 Cornelia
928 801 982 830 uxor
1002 792 1027 831 et
1040 792 1095 833 Ser.
1110 790 1234 844 Pompeius
1306 795 1315 850 ¹,

242 847 302 891 llius
317 849 407 900 cypron
422 848 558 900 refugerunt.
577 846 659 888 Caesar
675 848 727 898 poet
740 846 830 888 tertium
844 845 902 885 diem
917 845 1045 895 insecutus,
1060 855 1111 885 cuna
1125 848 1146 885 ei
1161 844 1234 886 Tiren-

242 902 312 943 dotur
326 907 394 954 caput
408 902 508 953 Pompell
523 905 546 941 et
559 901 650 942 anulum
665 900 797 951 obtulisset,
817 899 913 941 offensus
926 901 962 938 est
976 901 999 939 et
1012 898 1173 949 illacrimarit3
1193 911 1234 939 nec

243 957 292 997 sine
312 956 411 1008 periculo
430 954 593 997 Alexandream
613 954 783 996 tumultuantem
804 955 905 996 intravit.
926 950 1008 993 Caesar
1027 952 1123 993 dictator
1142 957 1234 994 creatus

243 1010 385 1061 Cleopatram
399 1010 422 1050 in
441 1019 533 1061 regnum
547 1009 644 1061 Aegypti
658 1007 761 1058 reduxit,
780 1012 804 1048 et
816 1006 948 1049 inserentem
962 1006 1045 1048 beilum
1061 1006 1139 1047 iisdem
1155 1012 1233 1049 aucto·

242 1063 306 1104 ritum
314 1062 475 1112 Ptolemaeum,
489 1063 571 1114 qulbus
583 1063 713 1115 Pompeium
727 1062 875 1112 interfecerat,
890 1071 939 1101 cum
954 1071 1033 1112 magno
1046 1070 1087 1101 ruo
1103 1060 1234 1102 discrimine

242 1117 306 1159 vicit.
322 1116 467 1158 Ptolemaeus
481 1116 533 1156 duna
548 1116 611 1168 lugit,
627 1117 710 1158 luittlo
724 1116 827 1158 navicula
840 1113 950 1157 subsedit.
965 1120 1082 1168 praeterea
1093 1115 1233 1156 laboriosum

241 1168 275 1212 it.
290 1169 383 1211 Catonia
398 1172 421 1212 ln
434 1170 510 1213 Alrlce
523 1181 564 1222 per
578 1170 668 1212 deserta
682 1181 731 1211 eum
751 1169 875 1222 legionibus
889 1170 943 1219 iter,
962 1168 1083 1210 othelium
1097 1180 1111 1210 a
1126 1169 1168 1214 Co.
1185 1169 1233 1210 iio·

240 1223 304 1264 mitio
318 1222 428 1266 adversus
442 1222 578 1266 Pharnacem
593 1235 671 1278 parurn
685 1235 793 1278 prospere
806 1226 892 1276 gestum
907 1224 1014 1266 continet.

296 1278 375 1321 cxlii.
395 1278 536 1321 Confirmatis
555 1280 576 1319 in
598 1279 673 1321 Attice
688 1279 829 1331 Pompeianis
843 1278 958 1331 partibus,
978 1278 1094 1330 imperium
1110 1288 1186 1318 earum
1203 1278 1223 1318 Ρ

241 1332 342 1385 Scipioni
358 1332 456 1374 delatum
470 1336 506 1374 eet
520 1333 618 1382 Catone,
639 1336 675 1374 cul
690 1344 720 1375 ex
733 1344 806 1385 aequo
820 1331 961 1372 deserebatur
975 1332 1104 1384 imperium,
1125 1332 1229 1377 cedente.
1307 1349 1311 1360 ·

241 1390 265 1428 et
283 1398 333 1427 cum
352 1386 381 1427 de
401 1387 510 1428 diruenda
529 1388 584 1427 urbe
598 1387 662 1429 iltica
676 1389 769 1440 propter
783 1387 881 1427 levorem
897 1385 994 1425 civitatis
1009 1386 1058 1426 eius
1072 1387 1094 1427 ln
1110 1385 1229 1427 Caesarem
1296 1393 1302 1402 '

241 1439 417 1492 deliberaretur,
433 1441 501 1494 idque
514 1452 543 1482 ne
557 1440 620 1482 deret
633 1442 665 1482 il.
680 1441 736 1483 Cato
750 1442 871 1490 tenuisset,
885 1440 939 1479 iuba
953 1439 1075 1490 euadente,
1090 1441 1115 1479 ut
1130 1439 1227 1481 diruere
1306 1443 1310 1478 l

241 1499 290 1546 tur,
308 1495 382 1537 tutela
395 1497 445 1537 elur
459 1501 482 1538 et
496 1494 598 1538 custodia
612 1495 716 1537 mandute
731 1499 765 1536 cet
781 1495 869 1538 Catoni.
888 1492 930 1534 Cn.
945 1493 1065 1546 Pompeius
1079 1493 1153 1546 Magni
1170 1494 1228 1535 llius

242 1551 264 1590 ln
279 1550 387 1603 iiispenie
406 1551 529 1591 contractis
543 1550 641 1599 viribus,
659 1560 753 1602 quarum
768 1549 872 1590 ducatum
886 1558 928 1590 uec
941 1548 1047 1588 Afranius
1067 1559 1108 1587 uec
1122 1548 1226 1590 Petreiut

241 1605 348 1657 excipere
362 1602 481 1653 volebant,
499 1603 584 1645 bellurn
598 1603 707 1645 adversus
721 1604 839 1645 caesarem
852 1603 977 1646 renovavit.
998 1600 1124 1642 Pharnaces
1139 1600 1226 1642 Mithri-

220 1703 226 1711 ·
241 1656 301 1698 datia
317 1657 385 1707 tillus,
400 1668 441 1699 rex
452 1658 525 1707 i’onti,
540 1659 589 1699 sinc
603 1658 650 1700 ulia
664 1658 720 1699 uelli
734 1668 796 1698 mora
809 1658 883 1698 victua
895 1659 938 1699 est.
954 1667 1003 1697 curn
1012 1656 1227 1697 aditionesRcmae

240 1721 254 1750 a
268 1711 294 1752 Ρ.
309 1710 432 1753 Dolabella
445 1712 535 1752 tribuno
566 1712 634 1762 icblr,
650 1710 723 1764 legem
738 1710 823 1752 terente
837 1710 942 1751 denonis
956 1711 1051 1760 tabuiis,
1067 1710 1179 1750 excitatae
1193 1720 1227 1750 es-

240 1766 305 1815 sent,
327 1770 394 1805 etex
408 1777 435 1806 ea
449 1776 518 1807 causa
537 1767 603 1818 peba
621 1764 807 1815 tumultuaretur,
826 1763 922 1806 inductis
935 1775 949 1804 a
963 1764 994 1808 Μ,
1010 1765 1105 1805 Antonio
1120 1764 1227 1815 magistro

240 1818 340 1870 equitum
356 1818 379 1860 in
394 1820 470 1860 urbem
484 1818 595 1862 militibus
609 1821 732 1873 octingenti
747 1818 775 1859 de
805 1819 855 1860 lebe
869 1820 929 1859 caesi
943 1821 1005 1861 runt.
1021 1819 1227 1861 Caesarveteranie

241 1883 290 1913 cunr
305 1872 417 1914 seditione
431 1876 559 1915 missionem
573 1874 741 1927 postulantibus
755 1831 829 1922 nedum
844 1874 867 1913 et
881 1883 930 1912 cunr
945 1874 967 1914 ln
979 1871 1077 1913 Alrlcanr
1091 1872 1225 1924 traiecisset,

240 1925 350 1968 adversus
365 1928 443 2023 cogier
457 1929 524 1970 iubae
538 1931 599 1981 reple
612 1939 662 1969 curn
677 1927 804 1969 discrimine
819 1938 897 1979 magno
927 1928 1025 1978 ornavit.

295 1981 371 2023 cxiv.
409 1982 476 2024 elium
491 1983 593 2035 insyria
608 1982 720 2024 caecilius
735 1982 818 2022 Bassus
830 1991 901 2033 eques
934 1989 1026 2021 omanus
1039 1980 1224 2033 Pompeianarum

240 2036 337 2088 partium
352 2039 458 2078 excitavit
472 2036 550 2078 relicto
564 2048 577 2078 a
591 2036 680 2089 legione
695 2036 749 2077 Sex.
759 2036 861 2084 caeam,
875 2045 933 2087 quae
946 2034 975 2075 ad
988 2033 1082 2075 Bassum
1097 2036 1223 2084 transierat,

240 2091 360 2142 occisoque
374 2102 410 2133 ec.
425 2091 508 2132 caesar
517 2092 643 2145 Scipionem
658 2093 783 2143 praetorem
797 2088 910 2130 Afranium
924 2089 1045 2140 iubamque
1059 2089 1114 2130 vicit
1127 2088 1156 2129 ad
1167 2089 1224 2129 rna-

241 2153 306 2196 psurn
320 2145 401 2187 caetris
415 2155 490 2186 eorum
505 2146 647 2197 expugnatio.
670 2146 726 2188 cato
741 2144 817 2185 audita
831 2154 855 2184 re
870 2155 919 2184 cum
933 2152 959 2183 se
975 2143 1124 2196 percussisset
1138 2143 1223 2192 Uticae,

243 2202 264 2239 ct
277 2200 442 2240 lnterveniente
455 2198 502 2240 tillo
516 2202 646 2250 curaretur,
661 2198 803 2251 interipsum
818 2197 953 2240 curationem
968 2198 1064 2237 rescisso
1079 2196 1171 2238 vulnere
1186 2208 1223 2238 cx·

240 2252 342 2304 spiravit,
357 2264 415 2294 anuo
429 2254 511 2293 aetatis
525 2255 694 2306 quadragesimo
709 2257 796 2294 octavo.
810 2253 914 2294 Petreius
928 2252 1003 2293 Iubam
1017 2261 1089 2304 seque
1104 2249 1223 2291 interiecit.
1311 2291 1312 2300 ,

240 2306 267 2352 P.
279 2306 357 2359 Scipio
371 2309 394 2348 ln
409 2318 467 2348 nave
482 2308 645 2349 circumventus
657 2306 764 2349 honestae
777 2308 843 2348 morti
856 2318 934 2348 vocem
949 2316 1039 2359 quoque
1048 2304 1142 2347 adiecit:
1157 2315 1223 2356 quae·

239 2361 341 2401 rentibus
359 2361 417 2401 eninr
438 2362 594 2411 imperatorem
609 2361 711 2402 hostibus
726 2361 783 2402 dixit
802 2361 939 2414 „imperator
951 2371 977 2402 se
992 2362 1048 2400 bene
1062 2358 1154 2399 hubenc
1168 2359 1222 2399 Fau-

240 2416 291 2455 stus
305 2417 328 2455 ct
342 2413 447 2455 Afranius
461 2415 537 2458 occist.
561 2417 653 2458 catonis
667 2415 712 2455 titio
726 2417 791 2456 venia
806 2415 864 2457 tiata.
884 2416 966 2456 Brutus
980 2414 1068 2466 legatur
1083 2413 1186 2455 caesarie
1200 2413 1220 2453 iu

240 2467 314 2510 uallis
328 2467 462 2507 Bellovacos
475 2468 612 2509 rebellantes
625 2468 711 2520 proelio
726 2470 788 2509 vicit.

294 2520 359 2562 CXV.
374 2522 456 2561 caesar
470 2524 575 2572 quattuor
589 2519 713 2573 triumphos
728 2521 799 2572 duxlt,
814 2534 843 2563 ex
858 2522 939 2571 tlaiiia,
954 2533 983 2563 cx
996 2524 1107 2576 Aegypto,
1121 2532 1151 2562 ex
1164 2520 1217 2562 Pon·

239 2577 271 2623 to,
286 2586 315 2615 er
328 2573 412 2615 Alrlca.
434 2574 523 2625 epulum
539 2579 562 2616 et
576 2576 648 2615 ornuln
661 2575 750 2627 generis
767 2576 897 2629 spectacula
912 2575 982 2617 dedit.
1001 2577 1033 2619 tl.
1048 2574 1156 2617 Marcello
1170 2586 1216 2615 com

238 2628 315 2675 euierl,
330 2630 409 2667 senatu
423 2629 527 2678 rogante,
547 2628 643 2669 reditum
655 2631 779 2680 concessit,
799 2641 844 2682 quo
860 2630 967 2672 benedclo
981 2632 1030 2670 eius
1043 2628 1164 2671 itanceilue
1179 2628 1220 2670 lrui

239 2692 283 2721 non
297 2681 383 2733 potuit,
402 2691 416 2720 a
431 2680 471 2722 Cn.
484 2682 559 2735 Magio
572 2682 651 2724 Cilone
667 2682 748 2724 cliente
762 2694 803 2725 suo
818 2683 912 2725 Athenin
925 2686 1020 2726 occisus.
1037 2694 1153 2726 recensum
1167 2683 1220 2735 egit,

239 2745 284 2788 quo
303 2742 371 2775 cenea
387 2738 440 2775 eunt
452 2736 538 2778 vcivium
557 2738 631 2790 capita
649 2741 739 2779 centurn
752 2740 915 2792 quinquaginta
928 2739 998 2781 milia.
1018 2738 1132 2790 proiectus
1147 2738 1169 2777 in
1183 2737 1219 2778 Hi·

238 2788 337 2841 spaniam
357 2787 466 2831 adversus
486 2790 527 2832 cu.
541 2791 684 2845 Pompeium,
706 2793 783 2833 multia
797 2794 907 2845 utrimque
922 2792 1103 2846 expeditionibus
1117 2790 1183 2830 lactis
1197 2793 1219 2831 et

238 2844 323 2894 aliquot
344 2844 436 2884 urbibus
456 2848 590 2899 expugnatis
611 2856 718 2887 summam
740 2848 853 2888 victoriam
875 2858 923 2887 cum
945 2858 1024 2899 magno
1045 2845 1170 2887 discrimine
1191 2844 1218 2885 ad

238 2896 344 2939 Mundam
358 2899 434 2939 urbem
449 2905 580 2941 consecutur
594 2903 638 2944 est.
653 2900 773 2953 Pompeiae
787 2901 873 2941 Sextus
887 2901 972 2952 etiugit,

292 2950 368 2994 cxvi.
385 2951 467 2994 &esar
482 2955 624 3007 uilispanla
638 2956 741 3006 quintum,
753 2954 887 3007 triumphum
902 2956 955 3007 egit.
972 2958 994 2995 et
1008 2967 1057 2997 curn
1071 2953 1161 3009 plurimi
1175 2965 1217 2994 rna-

237 3005 338 3057 ximlque
353 3005 451 3047 honores
465 3010 485 3048 ci
500 3018 513 3048 a
527 3012 606 3049 senatu
621 3008 706 3049 decreti
722 3012 803 3058 essent,
820 3010 879 3049 inter
893 3018 951 3060 quos
965 3012 989 3049 ut
1003 3013 1067 3063 pater
1082 3008 1168 3062 patriae
1181 3020 1217 3060 ap·

237 3058 359 3111 pelleretur
377 3062 399 3101 et
420 3066 574 3103 sacrosanctus
592 3074 621 3104 ac
634 3063 731 3104 dictator
744 3065 766 3104 in
782 3067 911 3117 perpetuum
926 3066 999 3114 essct,
1019 3064 1118 3106 invidiae
1131 3072 1218 3104 musam

237 3112 345 3154 adversor
359 3123 409 3153 eum
425 3116 567 3167 praestitere,
582 3120 606 3156 et
621 3116 682 3169 quod
696 3118 784 3158 senatui
798 3117 907 3158 deferenti
922 3116 963 3157 tuos
977 3116 1087 3167 honores,
1103 3128 1152 3158 cum
1168 3119 1217 3156 ante

237 3165 315 3208 aedem
329 3167 421 3208 Veneris
435 3168 559 3211 Genetricis
578 3169 680 3221 eederet,
702 3182 747 3212 non
765 3170 905 3221 adsurrexit,
925 3174 948 3213 et
968 3172 1029 3223 quod
1047 3183 1061 3213 a
1076 3172 1108 3214 iil.
1122 3171 1218 3213 Antonio

237 3223 328 3263 consule
342 3221 429 3274 collega
442 3231 495 3272 ruo,
511 3224 569 3264 lnter
582 3225 696 3275 Lupercos
710 3228 824 3274 currente,
839 3224 942 3266 diadema
955 3228 1024 3279 capiti
1037 3235 1079 3267 auo
1092 3226 1217 3278 impositum

236 3277 258 3317 ln
277 3276 335 3317 seila
355 3277 454 3328 reposuit
473 3280 495 3317 et
513 3276 574 3330 quod
588 3277 670 3329 Epidio
684 3278 781 3320 Marullo
794 3282 817 3320 et
831 3280 933 3321 Caesetio
948 3279 1018 3321 Flavo
1036 3281 1132 3321 tribunis
1145 3278 1217 3331 plebis

236 3330 342 3371 invidiam
360 3330 380 3371 el
400 3332 512 3382 tamquam
529 3342 621 3383 regnum
640 3331 761 3373 adfectanti
780 3333 921 3374 moventibus
936 3337 1038 3386 potestas
1051 3335 1158 3386 abrogata
1174 3336 1215 3375 cst.

237 3395 265 3424 ex
280 3386 307 3425 iis
321 3384 394 3425 causta
409 3382 573 3435 conspiratione
587 3386 609 3425 in
629 3396 679 3426 eum
694 3386 764 3435 lacta,
783 3388 847 3427 culus
861 3387 935 3439 capita
948 3386 1038 3429 luerunt
1051 3388 1083 3429 li.
1098 3387 1182 3427 Brutus
1195 3389 1218 3426 et

236 3437 262 3478 c.
278 3438 369 3479 casatus
384 3440 449 3478 etex
465 3436 570 3478 Caesarie
586 3438 688 3489 partibus
701 3438 732 3479 D.
745 3440 828 3480 Brutus
848 3442 870 3480 et
885 3441 910 3482 c.
925 3440 1060 3490 Trebonius,
1081 3444 1103 3482 iu
1118 3439 1216 3491 Pompeii

236 3492 297 3531 curia
312 3494 398 3532 occisus
414 3496 448 3533 est
463 3491 540 3543 viginti
555 3490 782 3541 tribulacionibus,
804 3498 980 3548 occupatumque
996 3496 1023 3536 ab
1038 3495 1219 3535 intertectoribus
