2642 4017
201 233 249 296 m
303 228 565 292 nmnnxxxu.
588 226 671 287 car.
687 233 730 288 aa.
753 230 988 298 [ebetat-⁸·
1005 230 1116 299 018³]

201 386 271 446 vius
287 382 416 443 Flaccus
430 380 471 439 M.
486 377 628 439 Valerius
649 376 803 436 Laevinus
823 375 856 435 P.
869 376 1003 437 Manlius
1015 376 1125 438 iterum
1142 379 1183 439 M.

204 467 352 544 Ogulnius
368 464 472 525 Gallus
487 462 520 522 L.
537 460 687 522 caecilius
701 461 815 524 Denter
831 459 862 521 G.
875 459 1034 522 Terentius
1048 462 1135 522 Istra.

287 548 476 625 supplicatio
502 552 637 605 extremo
662 558 743 603 anno
768 542 825 604 iuit
842 544 1053 619 prodigiorum
1078 561 1182 620 causa,

203 635 288 710 quod
307 631 457 708 sanguine
478 644 532 706 per
550 628 678 688 biduum
698 627 837 703 pluvisse
856 628 888 687 in
907 643 980 688 area
995 628 1184 692 Concordiae

201 719 278 780 satis
294 715 473 788 credebant,
487 711 719 786 nuntiatumque
733 717 798 770 erat
810 710 893 771 haud
904 712 1012 787 procul
1023 710 1128 774 Sicilia
1138 713 1183 775 in·
1224 703 1229 722 ¹

202 804 315 873 sulam,
332 815 413 875 quae
426 812 487 857 non
503 803 573 855 ante
587 796 700 869 iuerat,
716 810 828 854 novam
842 794 954 855 editam
969 811 987 856 e
1005 797 1083 857 mari
1099 812 1182 860 esse.

201 884 404 947 Hannibalern
419 882 479 941 boc
492 895 573 940 anno
587 878 697 939 Antias
711 875 853 938 Valerius
876 878 1053 942 decessisse
1067 888 1116 942 est
1128 898 1181 943 au·

203 975 270 1030 ctor
285 967 394 1043 legatis
419 966 457 1024 od
483 978 551 1023 eam
575 977 640 1022 rem
665 961 706 1021 ad
727 961 867 1023 Prusiam
890 962 994 1024 missis
1014 971 1136 1040 praeter
1148 966 1182 1026 T.

202 1052 373 1127 Quinctium
386 1047 600 1118 Flamininum,
617 1045 705 1106 cuius
718 1046 749 1106 in
765 1060 802 1105 ea
815 1061 850 1106 re
864 1046 986 1108 celebre
998 1054 1046 1109 est
1059 1063 1180 1122 nomen,
1226 1071 1228 1074 ·

202 1133 234 1195 L.
250 1134 396 1209 Scipione
409 1129 546 1193 Asiatico
562 1135 593 1189 et
605 1128 638 1187 P.
654 1128 800 1203 Scipione
814 1128 935 1190 Nasica.

582 1318 787 1326 m

525 1510 668 1608 'lt'll
712 1508 854 1604 llll

449 1657 508 1721 ΑΒ
539 1658 670 1721 URBE
702 1657 933 1721 CONDITA

594 1766 707 1835 LIBER
726 1773 785 1836 XL.

218 2038 366 2092 EPITOME.
403 2039 467 2090 (lum
483 2038 618 2105 Philippus
646 2039 740 2090 liberos
768 2053 858 2090 eorum
884 2053 949 2102 quos
974 2037 1102 2087 occiderat
1119 2052 1178 2088 eon·

252 2109 320 2171 quiri
337 2108 440 2158 obsides
464 2109 596 2172 iussisset,
624 2107 760 2159 Theoxena
777 2109 858 2159 verite
887 2122 934 2173 pro
958 2105 1046 2155 liberis
1062 2106 1118 2156 suis
1134 2107 1179 2157 ad·

253 2176 358 2227 modum
375 2176 462 2241 pueris
480 2176 548 2241 regis
566 2175 714 2237 libidinem,
732 2176 840 2243 prolatis
859 2176 885 2225 in
913 2175 1025 2226 medium
1042 2174 1137 2240 gladiis
1154 2187 1180 2224 et

252 2244 358 2309 poculo,
375 2244 402 2294 ln
419 2260 470 2308 quo
489 2251 542 2295 erat
559 2259 699 2306 venenum,
726 2247 808 2296 suasit
830 2245 879 2306 iis,
900 2252 929 2295 ut
954 2244 1089 2294 imminens
1112 2242 1178 2293 ludi·

251 2313 337 2364 brium
351 2321 432 2365 morte
449 2313 604 2379 obligarem
623 2314 769 2378 quodcum
792 2313 976 2380 persuasisset,
1000 2313 1058 2378 ipsa
1075 2326 1104 2361 ae
1120 2326 1179 2362 eum

252 2382 338 2433 viroe
364 2383 423 2434 navi
449 2383 476 2432 in
501 2397 572 2433 mare
596 2383 785 2449 praecipitavit.
822 2383 962 2433 certemina
985 2382 1051 2432 iuter
1067 2379 1184 2446 Philippi.

251 2449 415 2502 Macedoniae
432 2451 501 2515 regis
519 2451 613 2501 liberos
636 2451 730 2502 Persen
752 2460 777 2502 et
799 2450 955 2502 Demetrium
978 2449 1134 2509 reserantem
1153 2459 1178 2499 et

252 2526 280 2569 ut
297 2519 387 2570 fraude
404 2518 489 2569 bairis
507 2519 548 2568 sui
563 2518 708 2570 Demetrius
723 2520 834 2570 condetis
852 2519 1013 2580 criminibus,
1031 2519 1097 2568 inter
1113 2532 1176 2581 quae

250 2588 411 2637 accusatione
424 2586 555 2652 parricidii
580 2596 605 2637 et
623 2588 744 2639 edieotali
766 2588 853 2654 regni,
875 2588 987 2653 primum
1010 2589 1120 2652 petitus,
1145 2588 1178 2637 sd

251 2654 378 2716 ultimum,
394 2656 514 2718 qnoniam
530 2655 620 2722 populi
638 2656 748 2707 Romani
765 2657 863 2707 amicus
881 2666 944 2718 erat,
960 2671 1057 2707 veneno
1073 2663 1179 2706 necatam

251 2731 303 2782 est;
321 2738 478 2790 regnumque
494 2724 657 2776 Macedoniae
675 2733 775 2777 mortno
791 2724 909 2791 Philippo
932 2725 966 2775 ad
987 2724 1081 2775 Persen
1097 2724 1176 2775 venit.

251 2790 312 2841 item
329 2807 370 2843 res
387 2793 415 2842 in
432 2793 571 2859 Liguribus
588 2802 614 2844 et
627 2795 654 2843 in
672 2795 795 2860 Hispania
812 2801 900 2844 contra
916 2792 1057 2844 Celtiberos
1079 2807 1178 2844 soom-

251 2858 369 2924 pluribus
393 2860 501 2913 feliciter
522 2870 610 2928 gestus
636 2864 755 2913 continet.
799 2861 899 2912 colonia
925 2861 1045 2926 Aquileia
1069 2860 1178 2911 deducta

251 2935 296 2977 est.
333 2928 391 2981 libri
407 2929 505 2981 Numae
519 2929 638 2997 Pompilii
662 2931 688 2981 in
711 2946 774 2997 agro
798 2930 827 2979 L.
846 2930 939 2981 Petillii
957 2931 1056 2981 scribae
1072 2929 1120 2980 sub
1138 2930 1177 2979 ls-

250 2996 336 3048 niculo
354 3014 369 3049 a
386 2999 525 3050 cultoribus
543 3000 614 3066 agri,
631 3014 692 3049 aree
709 2999 812 3064 lapidea
829 2999 927 3060 clausi,
951 3000 1047 3050 inventi
1071 3005 1130 3048 sunt
1152 3009 1177 3047 et

251 3062 341 3116 Graeci
358 3074 383 3117 et
398 3068 494 3126 Latini;
513 3069 539 3118 in
557 3068 651 3132 quibus
669 3082 727 3117 eum
744 3068 820 3133 plura
836 3068 1057 3119 dissolvendarum
1073 3065 1176 3132 religio·

249 3146 311 3183 num
327 3143 447 3200 praalon,
465 3136 499 3187 ad
516 3151 592 3199 quern
610 3136 688 3187 delmi
711 3144 796 3196 erant,
820 3136 939 3203 legisset,
962 3136 1055 3187 iurarit
1075 3135 1177 3186 senatui

249 3209 336 3253 contra
354 3205 554 3270 rempublicam
568 3220 639 3266 asse,
658 3213 687 3255 ut
704 3203 849 3270 legerentur
859 3214 1084 3270 samerentnrqne,
1102 3212 1127 3255 et
1145 3218 1177 3253 aa

250 3273 483 3324 senatusconsulto
501 3274 527 3323 in
543 3273 646 3323 comitio
664 3273 748 3323 exusti
766 3281 833 3325 sunt.
866 3274 1000 3341 Philippus
1017 3272 1177 3341 aegritudine

251 3342 328 3391 animi
346 3340 491 3403 coniectus,
510 3342 580 3405 qnod
596 3341 751 3393 Demetrium
767 3342 848 3394 fllium
872 3343 944 3393 ialais
968 3344 1055 3394 Persei
1072 3342 1177 3393 alterius

249 3408 296 3460 alit
313 3409 482 3461 delationibus
499 3410 625 3476 impulsus
643 3425 742 3462 veneno
759 3412 913 3472 sustulisset,
932 3419 957 3461 et
973 3412 1006 3462 de
1020 3425 1105 3476 poena
1115 3408 1175 3458 Per-

250 3478 288 3527 sei
307 3477 441 3546 cogitarit,
458 3480 590 3544 voluitque
606 3481 763 3546 Antigonum
783 3480 871 3544 potius
893 3481 1004 3530 amicum
1021 3494 1098 3530 suum
1115 3492 1175 3527 sue-
