2642 4017
227 259 293 321 100
414 258 529 320 LIBER
543 259 603 318 XL.
626 258 709 319 CAP.
724 268 770 322 56·
780 266 825 323 oi.
848 265 884 332 [a.
897 265 932 318 U.
945 281 969 317 e.
980 266 1044 332 573]

232 419 380 486 peresset,
397 410 552 470 censebat.
574 409 650 468 LVl.
670 408 803 469 Perseus
814 408 925 469 certior
936 409 1035 469 lactus
1048 410 1151 470 omnia
1163 410 1215 469 de-

231 502 310 556 tecta
325 508 413 566 asse,
436 490 588 569 potentior
602 490 727 567 quidem
741 500 821 565 erat,
837 507 930 566 quam
943 498 976 552 ut
990 493 1092 567 lugam
1107 508 1216 554 neces·

231 579 344 639 sariam
356 578 497 637 ducerem
520 582 635 636 tantum
646 584 680 636 ot
690 577 799 651 procui
810 574 1081 650 abesaetourabat,
1096 576 1216 638 interim

230 664 314 723 velut
332 662 371 721 ab
392 660 535 721 incendio
551 658 710 734 damantis
724 659 803 730 irae,
827 659 900 719 dum
912 658 1073 735 Philippus
1089 661 1215 733 viveret,

231 762 267 806 se
288 747 482 806 defensurus.
515 744 541 804 is
556 758 614 818 spa
634 742 774 818 potiundi
788 741 829 802 ad
843 756 975 818 poenam
992 744 1133 818 corporis
1147 743 1215 804 eius

231 829 345 890 amissa
361 827 446 904 quod
459 828 610 902 reliquum
625 834 704 896 erat,
720 826 752 887 id
764 825 906 900 ¹stridere,
921 842 960 886 ne
975 842 1071 902 super
1084 829 1215 904 impuni-

230 922 322 975 tatem
336 913 427 973 etiam
442 911 579 987 proemio
594 910 721 971 sceleris
735 908 896 971 frueretur.
923 910 1110 986 Antigonum
1124 911 1216 987 igitur

229 997 375 1072 appellat,
392 997 441 1056 cui
456 1003 486 1056 et
499 996 601 1070 palam
614 994 687 1055 laeti
698 993 853 1069 parricidii
863 994 962 1069 gratia
972 993 1128 1056 obnoxius
1138 1003 1215 1070 erat,

230 1094 332 1154 neque
345 1078 523 1154 pudendum
538 1087 590 1139 ont
604 1077 821 1153 paenitendum
836 1092 906 1138 eum
919 1092 1024 1152 regem
1038 1076 1215 1140 Macedoni·

231 1162 289 1223 bus
310 1170 436 1239 propter
455 1168 609 1223 racemem
631 1162 730 1236 patrm
743 1160 889 1236 Aodpom
910 1160 1037 1237 gloriam
1059 1163 1125 1223 lore
1143 1178 1214 1223 cen-

230 1247 328 1308 sebat
348 1247 495 1322 „quando
509 1246 540 1305 in
556 1261 624 1305 eam
639 1247 790 1306 fertonem
804 1246 906 1318 veni,“
919 1245 1019 1321 inquit
1031 1246 1215 1321 „Antigone

230 1339 264 1392 nt
277 1331 392 1392 orbitas
407 1329 494 1404 mihi,
516 1345 607 1405 quam
621 1328 673 1389 alii
686 1330 877 1390 detestantur
891 1337 1050 1404 parentes,
1070 1330 1215 1405 optabilis

231 1431 303 1476 esse
317 1414 437 1488 debeat,
451 1429 594 1489 regumn,
609 1413 694 1488 quod
710 1427 729 1471 a
742 1419 853 1487 patruo
868 1419 921 1474 tuo
936 1413 1020 1487 lorti,
1034 1429 1096 1474 non
1113 1415 1215 1474 solum

231 1498 315 1560 fideli
336 1500 430 1560 tutela
444 1506 476 1558 et
489 1498 674 1558 custoditum
689 1503 720 1556 et
731 1502 854 1558 auctum
866 1497 958 1557 etiarn
973 1498 1094 1573 accepi,
1116 1497 1148 1557 id
1161 1495 1214 1557 tibi

230 1583 352 1644 tradere
366 1583 513 1643 inanimo
528 1590 586 1643 est.
607 1588 638 1641 te
647 1596 742 1642 unum
751 1579 861 1652 habeo,
877 1595 970 1655 qaem
981 1580 1106 1655 dignum
1116 1595 1213 1655 regno

230 1666 372 1727 iudicem.
394 1666 422 1726 si
437 1665 589 1727 neminem
603 1664 758 1738 haberem,
774 1665 875 1739 perire
886 1674 919 1725 et
930 1664 1085 1739 exstingui
1097 1664 1129 1724 id
1140 1666 1212 1724 mal·

230 1749 291 1810 lem
311 1764 404 1823 quom
419 1750 532 1811 Perseo
555 1750 708 1810 scelestae
728 1747 846 1808 lraudis
869 1748 1035 1823 praemium
1049 1763 1132 1809 esse
1155 1748 1213 1809 Dc·

230 1832 371 1894 metriom
392 1833 557 1894 excitatum
571 1834 611 1894 ab
624 1831 731 1894 inieris
745 1833 979 1906 restitummque
992 1832 1116 1893 credam
1131 1831 1213 1904 milri,

231 1918 259 1977 si
273 1924 318 1991 te,
340 1917 393 1993 qui
413 1919 502 1979 morti
522 1917 711 1989 innocentis,
734 1914 786 1992 qui
807 1914 1010 1977 meoinlelici
1025 1916 1121 1977 errori
1134 1931 1214 1976 unus

231 2001 427 2076 illacrimasti‚
442 2001 473 2063 in
484 2004 585 2063 locum
596 2000 664 2061 eius
676 2000 872 2061 substitutum
883 1999 1081 2074 relinquens
1105 1999 1216 2060 abhoc

231 2101 374 2149 sermone
389 2086 472 2147 omni
486 2100 600 2160 genere
610 2084 738 2144 honoris
749 2083 926 2159 producere
934 2098 1004 2143 eom
1016 2099 1078 2144 non
1090 2083 1214 2143 destitit.

232 2186 301 2229 cum
320 2171 351 2230 in
371 2168 500 2230 Thracia
519 2169 651 2230 Perseus
673 2167 811 2239 abesset,
833 2166 994 2229 circumire
1011 2166 1214 2228 Macedoniae

231 2253 323 2314 urbes
339 2254 592 2330 principibusque
605 2251 793 2325 Antigonam
806 2251 1039 2322 commendam
1060 2259 1092 2311 et
1107 2240 1212 2313 stita

232 2337 352 2413 longior
365 2338 569 2414 suppetisset,
591 2335 675 2396 haud
689 2333 814 2396 dublum
828 2334 898 2409 luit,
919 2333 994 2410 quin
1009 2351 1079 2397 eum
1094 2336 1124 2396 in
1139 2351 1198 2411 pos

231 2422 374 2484 sessione
388 2420 474 2494 regni
488 2418 650 2481 relicturus
663 2419 762 2478 nient
796 2418 835 2479 eb
849 2419 1042 2481 Demetriade
1056 2421 1213 2495 proiectus

230 2504 468 2566 Thessalonicae
487 2502 650 2578 plurimum
672 2502 821 2578 temporis
840 2509 978 2564 moratus
999 2504 1107 2565 luerat
1139 2504 1214 2564 inde

230 2604 300 2647 cum
320 2584 528 2660 Amphipolim
552 2584 704 2658 venisset,
728 2585 816 2661 gravi
839 2587 947 2651 morbo
971 2594 1019 2649 ast
1038 2586 1212 2664 implicitus.

231 2668 288 2730 sed
303 2669 404 2729 animo
419 2675 519 2729 tamen
534 2686 659 2746 aegrum
670 2667 769 2745 magis
783 2669 881 2731 luisse
892 2687 985 2745 quarn
996 2686 1129 2747 corpore
1140 2687 1213 2733 con-

231 2759 306 2822 stat;
327 2750 472 2828 curisque
492 2760 523 2816 et
543 2752 669 2829 vigillis,
691 2769 761 2815 cum
781 2753 946 2816 identidem
966 2756 1089 2831 species
1104 2764 1135 2816 et
1147 2771 1212 2818 um-

229 2837 304 2896 brae
324 2838 455 2899 insontis
475 2839 647 2914 interempti
668 2836 721 2899 lllii
735 2838 900 2914 agitarent,
922 2855 992 2900 cum
1007 2839 1082 2900 diris
1098 2839 1213 2901 exstin-

230 2927 311 2980 ctum
333 2937 405 2983 esse
425 2923 690 2985 exsecrationibus
704 2922 840 2984 alterius.
867 2929 968 2984 tamen
982 2922 1142 2986 admoneri
1157 2940 1213 2999 po-

230 3002 341 3065 luisset
347 3006 529 3082 Antigonus
542 3009 570 3068 si
580 3007 664 3069 haud
675 3005 708 3046 **
719 3005 820 3068 statim
831 3007 930 3082 palam
942 3008 1023 3069 lacta
1033 3017 1118 3070 esset
1129 3024 1213 3069 mors

229 3087 321 3162 regis.
352 3090 490 3152 medicus
510 3091 697 3166 Calligenes,
723 3089 777 3165 qui
796 3091 947 3152 curationi
969 3100 1125 3167 praeerat,
1150 3108 1212 3154 non

230 3178 411 3245 exspectata
424 3181 522 3236 morte
535 3175 627 3249 regis,
643 3190 662 3233 a
677 3173 783 3249 primis
798 3174 1024 3250 desperationis
1039 3177 1120 3239 notis
1136 3193 1213 3237 nun-

229 3254 290 3316 tios
305 3255 551 3330 praedispositos
566 3257 609 3318 ita
622 3264 657 3317 ut
671 3266 856 3319 convenerat
866 3257 948 3319 misit
959 3259 999 3320 ad
1010 3258 1167 3333 Perseum,
1183 3270 1214 3323 et

228 3347 357 3401 mortem
377 3341 460 3415 regis
479 3341 509 3401 in
530 3341 694 3403 adventum
708 3340 776 3402 eius
798 3356 905 3403 omnes
926 3344 979 3418 qui
994 3352 1081 3405 extra
1095 3343 1211 3419 regiam

229 3432 315 3487 erant
325 3425 443 3486 celavit
465 3424 554 3485 LVII.
571 3425 728 3501 oppressit
737 3424 827 3501 igitur
838 3425 1060 3502 necopinantes
1072 3427 1197 3503 ignaros

230 3524 290 3583 que
304 3525 411 3570 omnes
425 3507 565 3583 Perseus,
581 3515 612 3569 et
626 3525 754 3584 regnum
769 3511 887 3570 scelere
901 3515 1020 3587 partum
1034 3509 1152 3572 invasit.
