2642 4017
283 284 400 346 111ssth
413 284 517 344 xnlv.
540 284 624 346 cns.
640 292 683 349 ιι.
698 293 740 349 1a
763 292 800 360 [a
813 293 846 346 c.
859 291 921 362 res]
1019 286 1099 379 ,Εὖ

111 437 241 511 rurant,
267 441 298 495 et
319 433 498 497 comitisse
520 434 571 495 die
592 435 646 510 qui
666 435 767 498 ‹lietm
786 446 852 500 erat
866 447 937 500 sunt
951 441 1099 516 perlecto.

113 521 260 587 eonsules
276 519 369 580 ereati
383 519 417 578 L.
431 517 580 581 Aemilius
592 518 706 581 Paulus
721 519 838 595 iter-om,
853 530 963 598 quarto
978 523 1100 586 deeime

113 622 195 669 anno
210 609 377 679 postquam
391 601 490 678 primo
506 604 614 664 eonsul
630 605 743 679 luerat,
766 612 796 666 et
813 605 845 666 C.
860 606 995 668 Licinias
1008 607 1101 669 cros·

114 706 180 754 sus.
212 694 371 763 praetores
391 696 517 762 postero
538 687 589 747 die
608 687 681 749 laeti
702 687 754 748 Cn.
775 688 908 750 Baebius
922 690 1099 767 Tamphilus

112 774 148 836 L
167 772 296 832 Anicius
319 770 423 832 Gallus
449 770 501 831 Cn.
524 769 669 832 Octavius
692 770 723 830 P.
743 772 894 835 Fonteium
916 773 1032 853 Balbus
1056 774 1098 835 Μ.

112 857 266 919 Aebutius
285 855 384 915 Helva
404 854 437 914 0.
456 853 596 931 Papirius
616 854 725 916 Carbo.
761 856 864 917 omnia
888 864 923 919 ut
949 857 1098 921 maturitas
1222 856 1226 861 ’

113 946 293 1017 agerentur,
312 938 384 999 belli
400 938 592 1000 Macedonici
613 939 788 1001 stimulabat
808 956 891 1002 eura.
922 942 1028 1018 itaque
1047 943 1098 1003 de·

114 1026 255 1101 §mastos
268 1025 422 1098 extemplo
437 1021 539 1083 sortiri
557 1023 673 1099 placuit
692 1025 882 1102 provisores,
904 1032 938 1087 ut
956 1027 1015 1088 otri
1035 1025 1099 1086 Ma-

115 1108 249 1171 cedonia
260 1107 380 1168 omnsull
394 1105 507 1181 amque
521 1108 655 1183 praetori
678 1107 788 1170 elassis
808 1109 949 1172 uenisset
960 1109 1096 1186 sciretur,

116 1193 223 1256 utiam
236 1190 310 1253 inde
323 1192 492 1267 eogitarent
505 1199 712 1267 pararentque
722 1204 803 1269 qnae
813 1193 895 1255 betto
905 1194 975 1255 usui
990 1195 1102 1269 forent,
1172 1244 1177 1253 .
1245 1226 1250 1233 ·

116 1284 320 1351 seuntrunque
340 1275 551 1350 consulerent,
573 1276 600 1336 si
622 1292 685 1353 qua
703 1292 741 1337 re
753 1279 895 1338 consulto
910 1293 990 1353 opus
1005 1285 1100 1338 esset
1120 1344 1123 1351 Ι

113 1360 254 1435 Lauros,
280 1357 332 1420 ubi
353 1359 564 1433 magistratum
581 1360 727 1435 inissent,
754 1361 839 1437 quod
859 1377 917 1436 per
934 1359 1100 1436 religiones

115 1451 240 1521 posset,
261 1442 361 1519 primo
377 1458 502 1519 quoqne
516 1449 655 1519 ternpore
670 1443 736 1504 lieri
751 1446 889 1519 plaeere,
911 1457 1015 1519 neque
1028 1459 1100 1504 eon·
1231 1505 1236 1513 ,

116 1529 215 1592 sulem
230 1527 280 1589 oui
299 1527 436 1597 eundum
453 1527 485 1586 iu
499 1525 712 1587 Macedoniam
732 1534 817 1588 esset
836 1524 944 1587 teneri
977 1526 1026 1586 his
1047 1527 1102 1589 de-

119 1613 210 1674 eretis
225 1611 406 1673 oonsulibus
420 1610 507 1671 ltalia
521 1616 552 1694 et
565 1609 756 1686 Macedonia
770 1609 963 1686 prseteritos
978 1618 1103 1687 praeter

116 1697 197 1758 duas
213 1695 441 1757 iurisdictiones
460 1695 492 1754 in
509 1692 586 1754 urbe
606 1694 719 1755 massis
734 1700 769 1755 et
777 1692 928 1770 Hispania
945 1701 976 1756 et
997 1693 1101 1756 Sicilie

116 1787 148 1842 et
161 1780 302 1841 Sardinia
312 1779 490 1855 provinciae
504 1777 679 1840 nominatae
691 1785 772 1840 sunt.
794 1780 955 1840 oonsnlnnr
968 1778 1101 1840 Aemilio

115 1863 313 1935 Macedonia,
337 1862 454 1924 Lieinio
475 1862 561 1923 ltalia
581 1861 690 1922 evenit
722 1866 884 1938 praetores
897 1862 953 1923 Gn.
963 1862 1099 1924 Baebius

116 1949 279 2024 moenam,
299 1947 333 2008 L.
353 1948 483 2009 Anicius
503 1945 696 2023 pmegrinarn
715 1954 745 2008 et
766 1945 793 2007 sl
811 1961 873 2022 quo
888 1954 1014 2007 senalus
1029 1962 1098 2007 cers

108 2031 247 2108 suisset,
275 2032 328 2094 Co.
349 2030 494 2093 betanus
521 2031 668 2105 damam,
690 2029 722 2090 Ρ.
743 2028 892 2093 Fonteius
910 2028 1101 2104 Hispaniam,

119 2118 161 2178 ll.
182 2117 321 2179 reomau
340 2115 484 2191 sitirem,
500 2116 538 2177 -0,
552 2114 693 2190 Papirius
713 2113 888 2175 Smdinmm
900 2121 948 2174 est
962 2112 1099 2173 sortitus.

202 2201 315 2261 XVllln
339 2199 501 2276 Extemplo
521 2200 674 2283 apparuit
685 2198 827 2259 omnibns
844 2213 906 2258 non
922 2196 1057 2272 segniter
1070 2195 1102 2255 id

119 2284 231 2345 bellum
249 2285 283 2345 L.
298 2284 463 2346 Aemilium
482 2290 656 2359 gestuum,
682 2289 899 2358 praeterquam
919 2280 1003 2358 quod
1023 2281 1102 2341 obus

119 2366 166 2429 vir
180 2377 254 2444 erat,
268 2368 359 2431 etiam
373 2370 457 2444 quod
471 2367 539 2429 dies
554 2374 726 2443 noctesque
735 2367 869 2429 intentus
880 2366 1005 2437 easola,
1023 2379 1103 2442 quae

78 2473 80 2476 ·
119 2453 159 2533 ad
184 2452 215 2512 id
235 2454 349 2514 bellum
368 2453 569 2529 pertinerent,
591 2451 692 2514 aninlo
714 2449 858 2528 agitabat
892 2450 953 2510 ism
969 2447 1103 2510 omniurn

121 2535 251 2612 primurn
261 2553 281 2597 s
290 2546 400 2598 senatu
411 2536 495 2613 petit,
510 2544 544 2598 ut
556 2539 676 2613 legatos
687 2537 718 2597 in
725 2534 939 2598 Macedoniam
952 2532 1105 2596 nnmrenr

120 2620 161 2680 ad
175 2620 329 2682 exereitus
343 2621 492 2682 visendos
506 2622 702 2697 classemque
716 2629 747 2682 et
760 2626 919 2697 comperta
930 2619 1104 2692 referenda,

121 2701 275 2776 quidam
297 2703 493 2763 terrestribus
517 2712 570 2764 aut
592 2706 754 2766 nsmlibus
779 2706 879 2779 copiis
900 2719 981 2779 opus
1002 2710 1105 2772 essetr
1221 2700 1229 2711 “

122 2791 282 2859 praeterea
295 2791 330 2844 ut
343 2786 540 2859 explorarent
550 2787 657 2861 copias
672 2789 790 2862 regiss;
805 2794 951 2862 quantum
966 2792 1102 2861 possent,

123 2881 246 2944 qusque
261 2864 425 2948 provineia·
435 2875 550 2941 nostra,
566 2885 626 2943 qus
639 2869 775 2930 hostium
789 2870 884 2940 loret3
905 2876 1007 2930 utrum
1025 2868 1105 2930 intra

122 2952 220 3013 saltus
234 2958 335 3012 eastra
348 2948 477 3012 Romani
491 2949 654 3026 heberent,
674 2969 714 3011 an
735 2952 795 3011 iam
815 2967 923 3012 omnes
944 2953 1105 3028 angustiae
1183 2960 1188 2970 ⁴

121 3042 342 3111 exsuperatae,
368 3042 399 3096 et
418 3033 449 3095 in
469 3042 576 3110 aequa
587 3036 657 3096 lora
671 3033 902 3112 pervenissenl;
924 3033 977 3112 qui
996 3036 1108 3098 fideles

121 3118 213 3182 nobis
227 3118 321 3197 socii,
344 3118 397 3195 qui
411 3117 496 3180 dubii
511 3134 749 3196 suspensaeque
763 3135 803 3180 ex
818 3121 939 3180 lorluna
953 3117 1035 3195 ndei,
1052 3118 1107 3196 qul

122 3205 196 3266 eerti
209 3204 319 3266 hostes
331 3203 525 3276 viderentur,
548 3201 652 3281 quanti
667 3204 841 3279 praeparati
856 3211 1054 3280 commeatus,
1076 3211 1107 3264 et

121 3289 207 3350 unde
214 3288 351 3351 terrestri
365 3289 481 3363 itinere,
498 3288 580 3349 ιιιιόο
593 3287 722 3350 navibus
738 3296 1009 3365 supportarentum
1032 3284 1107 3359 qnid

122 3389 162 3433 ea
175 3381 293 3435 aestate
307 3382 389 3435 terna
408 3373 547 3450 marique
567 3388 670 3434 rerum
691 3381 847 3450 gestarum
869 3381 969 3434 esset:
983 3385 1032 3429 ‚ex
1055 3366 1105 3426 his

123 3455 202 3517 bone
216 3456 347 3533 suguilis
362 3466 446 3518 serta
459 3459 490 3518 ln
505 3458 639 3519 intumnn
655 3456 787 3519 consilis
801 3457 872 3532 oapi
886 3468 992 3531 posse.
1015 3465 1105 3510 sens-

41 3590 45 3594 ,
123 3547 174 3601 tas
184 3541 238 3623 Cn.
253 3540 383 3603 Servilio
398 3542 519 3603 consuli
533 3541 687 3617 negotium
703 3541 803 3616 dedit,
823 3546 857 3598 nt
873 3538 900 3598 is
916 3536 947 3595 in
961 3534 1106 3594 Manedu-

165 3640 192 3681 τ.
214 3640 277 3683 mvi
298 3640 375 3684 rans
396 3627 435 3685 V.
866 3626 900 3678 lli
