2642 4017
219 270 282 334 am
386 234 834 330 stlinllv.cAP.1e.1a
858 272 895 340 [ι.
903 270 938 326 υ.
947 273 1040 341 esea]

218 420 310 497 uiam,
324 435 405 497 quos
414 419 448 480 L.
460 416 591 480 Aemilio
602 417 765 491 videretur,
777 418 900 493 legaret.
920 415 1013 493 legati
1024 418 1119 480 biduo
1132 427 1210 494 post

218 503 349 582 proiecti
375 504 427 565 Cn.
452 499 603 565 Domitius
627 501 855 562 Ahenobarbus
878 503 916 562 Α.
941 499 1077 563 Licinius
1102 502 1208 565 Nerva

218 590 251 651 L.
264 587 412 650 Baebius.

302 672 357 733 Bis
371 671 402 731 in
417 670 502 733 exitu
516 669 587 731 anni
601 667 669 730 eius
689 668 857 744 lapidatum
877 684 949 730 esse
963 669 1131 731 mundatum
1147 678 1206 748 est,

218 756 250 818 in
262 758 402 819 Romano
418 770 503 832 agro,
518 754 609 815 simut
623 753 653 813 ln
668 751 800 814 Veienti.
811 750 861 816 bis
871 748 1066 815 novemdiale
1080 769 1206 816 sacrum

219 843 331 903 iactum
346 848 402 901 est
425 838 604 900 sacerdotes
619 852 657 898 eo
672 853 752 898 anno
767 836 877 898 mortui
891 844 963 897 sunt
975 836 1008 896 P.
1025 835 1205 911 Quinctilius

223 925 322 984 Varus
338 922 450 983 flamen
464 920 612 982 Martialis
633 927 665 982 et
684 920 725 981 Μ.
744 919 888 983 claudius
902 919 1066 981 Marcellus
1081 921 1211 982 decem.

221 1006 283 1078 vir;
299 1006 329 1066 in
344 1004 433 1067 cuius
447 1007 549 1066 locum
565 1005 617 1065 cn.
634 1003 777 1065 Octavius
792 1004 951 1066 suffectus.
973 1011 1003 1065 et
1016 1004 1076 1064 iam
1088 1003 1205 1080 magni·

219 1089 342 1152 licentia
355 1094 513 1150 crescente
527 1094 662 1149 notatum
678 1095 726 1150 cst
737 1086 818 1149 ludis
826 1087 1016 1150 circensibus
1022 1086 1056 1147 P.
1072 1086 1204 1150 Cornelii
1318 1096 1319 1103 ’

220 1171 374 1250 Scipionis
380 1172 511 1234 Nasicae
524 1178 555 1233 et
566 1170 598 1230 P.
605 1169 725 1232 Lentuli
737 1171 879 1232 aedilium
887 1171 1035 1232 curulium
1042 1172 1205 1248 sexaginta

189 1290 193 1295 ·
219 1265 283 1319 tres
295 1254 459 1318 Africanas
474 1264 505 1319 et
519 1255 720 1332 quadraginta
730 1271 822 1316 ursos
837 1261 868 1315 et
880 1254 1062 1332 elephantos
1077 1255 1203 1318 lusisse.
1228 1253 1241 1263 '
1318 1308 1319 1311 ,

303 1339 381 1402 ΧΙΧ.
403 1339 435 1401 L.
451 1337 582 1401 Aemillo
597 1338 692 1400 Paulo
708 1337 740 1399 C.
754 1336 869 1399 Licinio
886 1337 1079 1414 consulibus,
1100 1339 1204 1402 idibus

219 1416 336 1486 Martiis
357 1421 507 1502 principio
520 1420 714 1499 insequentis
728 1420 815 1498 anni,
841 1438 909 1483 cum
926 1420 957 1482 in
971 1424 1203 1499 exspectatione

220 1515 325 1585 patres
345 1508 489 1583 luissent,
510 1507 642 1568 maxime
662 1504 808 1582 quidnam
827 1507 935 1567 consul
956 1505 996 1566 de
1009 1505 1203 1583 Macedonia,

221 1592 308 1653 cuius
323 1607 361 1653 ea
375 1589 533 1668 provincia
549 1597 642 1665 esset,
655 1591 798 1664 referret,
818 1589 891 1649 nibil
912 1605 948 1650 se
960 1589 1076 1652 habere
1088 1591 1203 1654 Paulus

222 1675 306 1750 quod
327 1675 469 1750 referret,
495 1690 563 1735 cum
584 1674 721 1736 noudum
741 1672 813 1733 inde
832 1672 923 1749 legati
937 1672 1100 1749 redissent,
1116 1676 1202 1737 dixit.
1318 1684 1319 1703 ¹

221 1765 354 1819 ceterum
375 1755 532 1820 Brundisii
552 1759 671 1833 legatos
692 1756 752 1818 iam
768 1771 854 1830 csse,
879 1756 928 1818 bis
949 1772 988 1817 ex
1011 1773 1104 1819 cursu
1124 1760 1204 1839 llyr-

199 1870 201 1873 v
220 1839 379 1901 rhaclrium
394 1841 535 1903 reiectos.
556 1840 687 1916 cognitis
702 1856 775 1902 mox
791 1856 871 1918 quae
886 1841 973 1903 nosci
992 1841 1077 1917 prius
1092 1842 1122 1903 in
1137 1859 1203 1903 rem

222 1931 315 2001 esset,
330 1925 512 1988 relaturum:
526 1924 558 1986 id
573 1925 639 1985 iore
654 1924 733 1985 intre
746 1939 920 1999 perpaucos
936 1923 1013 1985 dies.
1036 1934 1066 1987 et
1077 1926 1117 1987 ne
1128 1925 1203 2003 quid

221 2009 441 2085 prosectionem
467 2026 554 2071 suam
577 2014 709 2083 teneret,
734 2006 834 2083 pridie
853 2007 924 2069 idus
943 2008 1066 2083 Apriles
1087 2010 1204 2072 Latinis
1316 2002 1318 2012 '

160 2130 162 2133 v
221 2109 293 2154 essa
313 2092 507 2156 constitutam
529 2093 617 2154 diem.
641 2091 861 2153 sacrificiorite
881 2088 1017 2168 perlecto
1040 2109 1075 2155 se
1096 2101 1128 2155 et
1148 2095 1202 2155 cn.

223 2176 389 2255 Octavium,
405 2176 494 2239 simul
509 2182 635 2239 senatus
650 2176 833 2252 censuisset,
847 2175 984 2237 exituros
1000 2192 1081 2238 esse.
1103 2178 1135 2239 c.
1154 2180 1203 2239 Li-

223 2260 302 2322 cinio
318 2264 455 2338 collegae
469 2277 528 2323 suo
544 2261 610 2325 iore
626 2270 764 2323 curaese
775 2259 912 2336 absente,
926 2267 967 2337 ut,
982 2258 1010 2321 si
1026 2278 1087 2337 qua
1101 2262 1203 2338 parari

221 2344 336 2413 mimive
351 2346 390 2408 ad
405 2345 436 2405 id
449 2345 562 2406 bellum
578 2361 659 2420 opus
674 2344 722 2419 sit,
744 2352 890 2421 parentur
902 2344 1127 2422 mittanturque.
1159 2346 1205 2407 in·

221 2437 306 2492 terea
320 2429 488 2505 legationes
503 2432 676 2488 exterarum
690 2429 847 2489 nationum
864 2428 960 2489 audiri
977 2444 1082 2503 posse.
1114 2430 1203 2505 primi

221 2510 526 2583 Alexandrinllegati
543 2510 581 2569 ab
595 2509 769 2571 Ptolemaeo
790 2520 821 2573 et
835 2512 994 2588 Cleopatra
1008 2511 1134 2588 regibus
1148 2531 1204 2574 vo-

224 2597 281 2656 cati
297 2602 376 2656 sunt.
401 2591 559 2663 sordidati,
574 2591 670 2653 barba
681 2600 711 2654 et
722 2592 833 2671 capilio
847 2596 1010 2671 promisso,
1027 2612 1096 2657 cum
1109 2597 1203 2657 ramis
1317 2652 1318 2657 ,

222 2680 310 2739 oleae
323 2674 456 2752 ingressi
472 2676 586 2736 curiam
600 2678 838 2752 procubuerunt,
855 2686 886 2740 et
899 2679 996 2740 orello
1013 2696 1105 2755 quam
1116 2679 1202 2741 babi-
1317 2692 1318 2759 ᾗ

221 2770 271 2823 tus
298 2760 353 2821 luit
376 2757 587 2821 miserabilior.
622 2760 793 2823 Andochus
815 2760 925 2841 Syriae
938 2779 1007 2838 rex,
1031 2763 1083 2839 qui
1108 2760 1202 2826 obses

221 2846 337 2905 Romae
352 2845 463 2919 iuerat,
488 2843 722 2919 perhonestum
744 2845 879 2922 speciem
901 2845 1024 2908 maioris
1038 2846 1202 2909 Ptolemaei
1317 2846 1318 2871 ³

222 2928 389 2988 reducendi
404 2927 434 2988 in
449 2941 586 3005 regnum,
601 2929 714 2991 bellum
729 2946 798 2991 cum
812 2930 929 2992 minore
945 2932 1037 2991 iratre
1051 2929 1127 3006 eius,
1149 2930 1203 3007 qui

212 3019 285 3076 ,tum
306 3011 532 3074 Alexandream
547 3012 678 3089 tenebat
699 3028 819 3089 gerens,
838 3021 868 3076 et
881 3015 921 3074 ad
933 3012 1088 3076 Pelusium
1103 3015 1202 3076 noval

223 3095 341 3172 proelio
360 3096 459 3158 victor
479 3097 585 3172 luerat,
610 3103 640 3157 el
652 3098 846 3159 tumultuario
865 3114 961 3174 opere
975 3105 1069 3174 ponte
1083 3114 1139 3175 per
1152 3097 1202 3159 Ni·
1311 3148 1317 3157 .

221 3182 284 3241 lum
310 3178 391 3241 iacto
416 3186 631 3256 transgressus
657 3197 726 3242 oum
751 3179 887 3243 exercitu
915 3179 1078 3244 obsidione
1103 3180 1203 3258 ipsam

221 3262 448 3325 Alexandream
463 3263 610 3332 terrebat.
636 3280 694 3325 nec
710 3266 817 3339 procul
831 3266 944 3327 abesse
959 3265 1032 3342 quin
1048 3272 1204 3341 poteretur

222 3363 318 3423 regno
334 3346 566 3423 opulentissimo
582 3347 752 3408 videbatur·
788 3363 826 3408 ea
846 3349 936 3425 legati
955 3356 1118 3425 querentes
1134 3365 1203 3410 ora·

223 3431 296 3492 bant
310 3437 458 3504 senatum,
477 3435 511 3488 ut
531 3445 620 3505 opem
638 3444 735 3505 regno
750 3430 937 3507 regibusque
953 3430 1202 3507 amicisimperio

221 3511 344 3576 tenent.
367 3530 404 3575 aa
415 3510 522 3574 merita
532 3513 638 3588 populi
649 3513 779 3574 Romani
791 3514 821 3574 in
835 3514 1025 3590 Antiochum,
1039 3515 1202 3597 eamapud
