2642 4017
199 238 317 299 urnula
330 236 463 298 xllxlx.
487 237 570 299 car.
585 245 649 302 ae.
672 238 709 315 [a.
721 242 755 300 c.
767 246 827 302 ree.
841 259 868 297 ι,
880 243 915 298 ιι.
927 261 952 301 0.
964 240 1027 319 see]
1083 237 1102 304 t

120 390 210 450 facile
224 394 391 463 appareret
403 387 435 446 in
452 386 562 447 ducem
576 387 784 463 indulgentem
799 387 1056 467 ambitiosumque
1067 406 1105 453 ea

119 471 191 546 dici,
205 469 394 546 triumphum
408 485 481 530 osse
494 470 613 531 militari
627 470 726 547 magis
741 472 848 532 lavore
859 489 952 547 quam
962 474 1105 549 populari

122 555 283 617 celebrem.
318 554 377 614 sed
397 553 438 614 ad
456 553 564 630 populi
587 570 713 631 quoque
733 555 862 631 meum
882 557 1106 619 conciliandam

121 639 211 699 arnici
224 638 329 700 Manlii
343 637 520 707 valuerunt;
543 639 655 714 quibus
670 639 877 701 adnitentibus
891 649 1018 702 senatus
1033 656 1105 702 con·

121 726 234 784 sultum
248 725 364 782 iactum
379 727 436 794 est,
453 730 486 782 ut
500 737 539 781 ex
553 724 686 797 pecunia
700 723 825 800 quaein
839 723 993 800 triumphe
1008 732 1105 787 trans·

120 809 182 868 lata
193 813 287 880 esset,
294 805 483 881 stipendium
492 807 636 867 collatum
647 807 792 883 apopulo
805 806 835 868 in
847 807 1013 884 publicum,
1022 808 1107 884 quod

121 892 187 952 eius
202 891 338 951 solutum
353 895 445 950 antea
459 905 521 950 non
534 897 628 964 esset,
643 893 824 952 solveretur.
850 891 979 953 vicenos
994 893 1107 969 quinos

121 983 151 1035 ot
172 975 324 1035 semisses
344 972 474 1034 inmitia
494 976 575 1034 aeris
597 982 779 1049 quaestores
793 974 901 1036 urbani
917 991 985 1037 cum
1001 975 1063 1037 lide
1078 984 1107 1036 et

122 1075 195 1119 cura
209 1060 379 1118 solverunt

204 1142 263 1202 Per
282 1141 364 1202 idem
384 1148 504 1218 tempus
518 1139 631 1202 tribuni
645 1142 771 1204 militum
786 1143 848 1206 duo
863 1159 903 1204 ex
918 1143 1040 1206 duabus
1054 1144 1106 1204 lli·

122 1225 241 1301 spaniis
257 1240 326 1284 eum
342 1224 449 1286 litteris
464 1226 496 1286 G.
511 1225 606 1287 Atinii
620 1232 651 1286 et
664 1226 698 1285 L.
712 1227 825 1299 Manlii,
845 1228 898 1303 qui
912 1242 967 1288 eas
981 1227 1106 1304 provin·

122 1310 186 1370 cias
201 1308 390 1382 obtinebant,
406 1317 564 1372 venerunt.
587 1324 627 1369 ex
640 1309 679 1371 iis
692 1311 800 1372 litteris
815 1309 969 1387 cognitum
981 1317 1029 1371 est
1040 1310 1106 1371 cel-

120 1395 238 1455 tiberos
258 1392 488 1469 Lusitanosque
511 1393 542 1454 in
564 1392 658 1455 nmis
682 1409 755 1455 esse
776 1401 808 1456 et
831 1394 988 1457 sociorum
1013 1409 1106 1469 agros

121 1478 275 1554 populari.
303 1477 343 1535 de
365 1492 404 1537 ea
422 1493 457 1537 re
480 1478 735 1539 consultationem
754 1480 903 1553 integram
924 1483 1050 1539 senatus
1067 1476 1107 1537 ad

121 1578 224 1622 novos
239 1560 436 1635 magistratus
450 1561 566 1624 reiecit

205 1644 301 1704 Ludis
315 1643 464 1706 Romanis
478 1661 516 1706 eo
532 1662 623 1718 anno,
639 1661 719 1720 quos
732 1645 766 1703 Ρ.
780 1644 940 1706 Cornelius
955 1642 1107 1720 Cethegus

121 1731 161 1790 A.
175 1726 352 1789 Postumius
366 1728 497 1790 Albinus
512 1729 681 1801 iaciebant,
700 1729 798 1790 malus
812 1730 844 1789 in
858 1728 941 1789 circo
956 1727 1106 1788 instabilis

120 1813 153 1873 in
169 1812 290 1887 signnm
301 1812 469 1873 Pollentiae
479 1813 612 1889 procidit
625 1820 718 1886 atquc
727 1810 758 1870 id
770 1811 889 1872 deiecit.
913 1810 1108 1886 eareligione

122 1896 199 1958 moti
218 1903 324 1973 patres
340 1902 371 1955 et
385 1895 466 1957 diem
486 1914 582 1958 unum
604 1894 797 1955 adiciendum
815 1895 956 1956 ludorum
969 1894 1107 1971 [celebri-

122 1981 188 2059 tati]
204 1989 407 2055 ceosucrunt,
430 1989 461 2041 et
475 1982 565 2056 signa
579 1980 641 2041 duo
656 1994 714 2055 pro
729 1994 791 2040 uno
806 1977 994 2053 reponenda,
1009 1984 1041 2037 ct
1053 1992 1108 2037 nn

121 2081 196 2124 vum
215 2065 558 2126 auratumlaciendum.
589 2073 622 2125 et
638 2062 750 2139 plebeii
770 2062 834 2125 ludi
855 2061 893 2122 ab
907 2059 1060 2122 aedilibus
1076 2058 1108 2120 c.

123 2147 309 2224 Sempronio
323 2149 436 2210 Blaeso
457 2157 488 2211 et
500 2149 540 2209 nt
555 2148 646 2209 Furio
659 2148 763 2209 Lusco
785 2146 866 2207 diem
886 2162 981 2207 unum
994 2145 1108 2205 instau-

122 2233 180 2292 rati
195 2239 275 2293 sunt.

208 2316 289 2375 Vlll.
309 2315 482 2392 insequens
503 2331 602 2376 annus
617 2309 1108 2390 SpPostumiumAlbinumetQ.

121 2398 272 2459 Marcium
285 2397 460 2476 Philippum
481 2399 626 2461 consules
646 2398 687 2458 ab
700 2398 838 2459 exercitu
851 2396 1064 2469 bellorumque
1078 2400 1110 2453 et

122 2482 353 2559 provinciarum
373 2499 448 2544 cura
469 2484 511 2545 ad
531 2482 692 2544 intestinae
709 2478 930 2543 coniurationis
944 2476 1110 2538 vindictam

123 2567 244 2627 avertit.
275 2574 433 2641 praetores
448 2567 625 2643 provincias
639 2565 738 2627 sortiti
752 2570 837 2636 sunt,
857 2564 890 2623 Τ.
905 2560 1044 2622 Maenius
1058 2576 1109 2619 ur·

124 2650 252 2725 bacam,
268 2650 308 2710 Μ.
323 2651 458 2713 Licinius
472 2651 619 2712 Lucullus
633 2649 710 2711 inter
725 2650 809 2709 cives
824 2655 855 2709 et
868 2643 1060 2723 peregrinos,
1077 2642 1109 2703 c.

124 2734 269 2797 Aurelius
286 2734 424 2796 Scaurus
439 2733 626 2808 Sardiniam,
640 2732 674 2792 P.
690 2732 849 2794 Cornelius
864 2730 951 2791 Sulla
965 2727 1109 2801 Siciliam,

123 2817 158 2876 L.
174 2817 334 2891 Quinctius
356 2819 515 2895 crispinus
528 2817 710 2892 Hispaniam
729 2814 916 2888 citeriorem,
938 2812 969 2873 C.
984 2812 1109 2887 calpur-

125 2901 195 2961 nius
220 2901 292 2963 Piso
317 2902 499 2977 Hispaniam
525 2901 710 2962 ulteriorem.
747 2896 928 2961 consulibus
957 2894 1109 2956 ambobus

126 2985 268 3060 quaestio
276 2986 316 3045 de
328 2985 528 3047 clandestinis
540 2982 802 3046 coniurationibus
810 2982 934 3041 decreta
945 2986 1002 3039 est.
1018 2979 1109 3040 Grae·

124 3084 182 3128 cus
204 3068 348 3143 ignobilis
368 3069 400 3129 in
419 3069 572 3129 Etruriam
596 3069 728 3145 primum
747 3063 832 3126 venit
852 3065 936 3125 nulia
956 3079 1026 3125 cum
1045 3068 1111 3121 arte

125 3167 246 3226 earum,
269 3169 347 3227 quas
368 3154 479 3213 multas
500 3152 540 3212 ad
561 3152 730 3211 animorum
750 3162 978 3225 corporumque
998 3147 1111 3207 cultum

124 3235 216 3296 nobis
241 3236 449 3298 eruditissima
470 3236 603 3299 omnium
622 3249 701 3310 gens
717 3233 849 3308 invexit,
870 3231 1062 3293 sacrificulus
1081 3234 1113 3287 et

124 3325 230 3390 vates;
253 3336 312 3380 nec
326 3321 353 3380 is
369 3321 422 3396 qui
436 3327 544 3395 aperta
556 3318 713 3393 religione,
727 3318 890 3393 propalam
904 3322 935 3376 et
949 3320 1110 3389 quaestum

125 3410 156 3463 et
175 3403 370 3479 disciplinam
391 3403 579 3480 profitendo,
605 3402 725 3463 animos
745 3415 850 3462 errore
869 3398 1033 3468 imbueret,
1055 3392 1111 3453 sed

125 3488 316 3548 occultorum
328 3495 359 3549 et
368 3496 588 3549 nocturnorum
599 3487 726 3546 antistes
739 3498 906 3556 sacrorum.
921 3480 1006 3540 initia
1015 3483 1110 3550 erant,
