2642 4017
109 313 121 326 ‚
224 237 267 301 ae
293 203 296 207 ⁵
363 235 846 300 immurmurantem.
870 239 1066 308 [aotam]

225 388 337 465 quibus
351 386 393 446 illi
408 392 508 461 agant
527 385 692 446 eivitatium
707 400 832 445 eausam
845 400 927 444 esse.
961 387 1122 446 consulem
1135 385 1207 446 Aei-

223 472 296 532 llum
310 478 341 531 et
349 471 506 531 Romanos
522 469 580 530 sibi
595 468 721 530 dedisse
736 484 799 543 eas,
815 484 884 528 eum
898 467 1033 529 hostium
1048 475 1165 529 essent.
1181 468 1208 529 si

224 571 314 616 suum
323 570 433 614 munus
446 554 499 628 qui
509 553 669 613 dedissent
679 550 813 612 adimere
824 552 927 624 velint
942 552 1023 613 seire
1035 553 1209 613 cedendum

223 654 311 700 esser
334 638 391 697 sed
412 636 529 696 meliori
549 643 580 696 et
594 636 725 704 lideliori
746 635 844 697 amieo
861 636 892 696 in
910 636 1037 710 gratiam
1051 637 1166 696 levium
1179 644 1210 697 et

223 722 372 783 inutilium
392 719 548 781 sociorum
567 719 705 779 inimiam
719 735 775 779 eos
791 734 862 779 esse
877 721 1022 781 tacturos.
1054 735 1113 780 nee
1128 721 1209 779 enim

222 806 313 868 ullius
333 804 378 865 rei
398 803 497 863 minus
518 800 691 864 diuturnam
711 818 783 864 esse
804 805 931 877 gratiam
946 819 1038 878 quern
1051 804 1210 872 libertatis,

222 887 404 967 praesertim
418 888 501 962 apud
516 902 572 948 eos
588 886 641 961 qui
654 888 734 948 male
747 888 861 947 utendo
874 903 942 946 eam
954 887 1127 962 corrupturi
1139 886 1210 947 sint.

224 988 319 1034 causa
333 971 455 1051 cognita
467 971 743 1047 pronuntiaverunt
756 970 848 1047 legati
861 972 984 1045 plaeere
996 971 1107 1031 deduci
1119 986 1210 1045 pree·

223 1056 303 1116 sidia
316 1054 519 1115 Macedonum
541 1070 581 1113 ex
598 1051 636 1114 iis
651 1054 794 1129 urbibus,
817 1062 847 1114 et
861 1053 995 1128 antiquis
1008 1054 1211 1114 Macedoniae

222 1139 359 1200 terminis
372 1154 501 1213 regnum
516 1138 605 1198 liniri.
629 1139 669 1198 de
682 1138 799 1198 iniuriis
815 1154 894 1213 quas
906 1138 985 1198 ultro
996 1138 1133 1212 citroque
1144 1136 1210 1197 illa-

223 1230 271 1284 tas
293 1228 473 1297 querantur,
497 1237 559 1297 quo
579 1222 674 1282 mode
689 1222 766 1282 inter
781 1236 835 1281 eas
852 1228 960 1296 gentes
976 1227 1007 1281 et
1019 1221 1210 1281 Macedonas

225 1307 429 1382 disceptetur,
459 1305 621 1365 formulam
642 1305 717 1365 iuris
743 1305 934 1380 exsequendi
964 1305 1208 1366 constituendam

223 1405 304 1451 esse.
1171 1405 1177 1412 ·

306 1472 427 1534 XXVII.
446 1473 523 1532 Inde
543 1472 676 1546 graviter
691 1471 811 1531 offenso
826 1486 900 1546 rege
913 1470 1152 1533 Thessalonicen
1167 1471 1206 1535 ad

223 1558 474 1633 cognoscendum
489 1556 528 1615 de
542 1556 688 1616 Thraciae
702 1555 829 1615 urbibus
843 1554 1090 1631 proficiscuntur.
1111 1555 1152 1614 ibi
1166 1556 1210 1613 le-

222 1642 283 1716 gati
296 1640 459 1712 Eumenis,
482 1639 510 1700 si
530 1640 642 1700 liberas
664 1655 735 1700 esse
748 1640 868 1699 Aenum
884 1645 914 1698 et
925 1638 1103 1699 Maroneam
1117 1638 1212 1697 veliut

221 1724 367 1797 Romani,
389 1724 463 1783 nihil
483 1724 531 1783 sui
551 1723 681 1799 pudoris
702 1738 773 1783 esse
788 1725 867 1782 ultra
881 1722 985 1781 dicere
1001 1738 1093 1797 quem
1107 1729 1141 1782 ut
1157 1722 1210 1797 ad,-

223 1814 382 1880 moneanl,
397 1823 447 1882 re,
463 1823 525 1868 non
540 1808 635 1868 verbo
651 1823 707 1869 eos
721 1807 836 1867 liberos
847 1805 1033 1880 relinquent,
1047 1820 1106 1866 nce
1120 1822 1210 1866 suurn

222 1907 332 1952 munus
353 1892 493 1968 intercipi
514 1892 552 1952 ab
574 1892 634 1952 alio
649 1892 810 1968 patiantur.
844 1890 890 1949 siu
906 1897 1007 1950 autem
1022 1887 1121 1948 minor
1137 1905 1211 1949 eura

105 2023 111 2032 .
225 1976 264 2037 sit
285 1976 450 2037 eivitatium
471 1977 502 2035 in
521 1974 651 2037 Thracia
674 1973 858 2049 positarum,
884 1975 978 2033 multo
1003 1973 1107 2033 verius
1129 1988 1210 2047 esse,

223 2075 302 2134 quae
317 2061 374 2118 suh
389 2057 542 2118 Antiocho
557 2058 684 2131 luerint,
697 2057 834 2131 praemia
848 2057 919 2116 belli
931 2056 1100 2116 Eumenem
1117 2072 1210 2131 quam

220 2140 394 2216 Philippum
408 2140 531 2213 habere,
547 2141 596 2198 vel
610 2156 667 2215 pro
678 2139 774 2215 patris
784 2140 878 2200 Attali
890 2139 1005 2200 meritis
1016 2140 1107 2214 belle,
1124 2138 1210 2214 quod

222 2224 373 2284 adversus
384 2222 557 2298 Philippum
571 2222 674 2298 ipsum
688 2224 820 2297 gesserit
830 2226 965 2299 populus
976 2225 1145 2298 Romanus,
1160 2224 1211 2283 vel

222 2306 295 2379 suis
316 2309 400 2383 quod
414 2305 559 2368 Antiochi
573 2308 653 2368 bello
669 2314 751 2368 terra
764 2306 903 2382 marique
917 2307 1074 2367 laboribus
1089 2307 1210 2383 perieu-

221 2392 323 2468 lisque
343 2391 485 2452 omnibus
508 2390 686 2450 interfuerit.
714 2391 828 2450 hahere
843 2407 913 2451 eum
927 2397 1088 2466 praeterea
1102 2392 1212 2452 decem

221 2474 389 2551 legatorum
405 2476 435 2535 in
458 2490 526 2533 earn
544 2490 610 2535 rem
629 2475 865 2549 praeiudicium,
887 2476 1024 2548 quicum
1040 2473 1211 2535 Chersone-

222 2575 291 2620 sum
305 2557 593 2636 Lysimachiamque
609 2558 764 2632 dederint,
783 2558 959 2619 Maroneam
976 2574 1101 2633 qucque
1117 2566 1211 2633 atque

219 2643 340 2703 Aenum
355 2642 495 2716 proiecto
511 2642 646 2716 dedisse,
663 2658 742 2718 quae
753 2643 823 2717 ipse
836 2642 1062 2717 propinquitate
1073 2641 1210 2716 regionis

221 2727 305 2785 velut
320 2725 510 2800 appendices
525 2724 649 2785 maioris
665 2728 800 2787 muneris
815 2731 931 2786 essent.
953 2741 1023 2784 nam
1037 2724 1210 2800 Philippum

222 2808 344 2883 quidem
362 2825 424 2885 quo
439 2816 491 2869 aut
504 2808 611 2871 merito
627 2810 656 2868 in
673 2810 818 2885 populum
828 2810 1001 2871 Romanum
1015 2801 1143 2869 autiure
1154 2808 1210 2866 im-

220 2892 307 2967 perii,
324 2909 393 2954 eum
409 2899 469 2953 tarn
483 2896 591 2969 proeul
607 2910 625 2952 a
639 2892 751 2953 linibus
762 2892 964 2953 Macedoniae
978 2893 1088 2965 absint
1105 2890 1208 2951 eivita-

221 2975 303 3036 tibus
323 2975 372 3036 his
394 2978 550 3050 praesidia
570 2976 780 3053 imposuisset
810 2978 916 3038 vocari
935 2975 1102 3037 Mmonitas
1123 2974 1208 3034 iube·

219 3064 301 3119 rent=
323 3060 362 3119 ab
383 3058 422 3120 iis
438 3062 569 3123 certiore
583 3060 687 3122 omnia
699 3063 738 3121 de
753 3068 835 3122 statu
849 3060 1013 3121 eivitatium
1029 3075 1134 3119 earum
1149 3058 1209 3120 sci·

220 3158 316 3203 turos.
351 3142 444 3219 legati
463 3143 681 3206 Maronitarum
708 3144 808 3206 vocati
833 3161 895 3205 non
920 3160 982 3205 uno
1003 3143 1073 3203 loeo
1094 3149 1210 3202 tantum
1315 3175 1316 3185 κ

220 3224 307 3287 urbis
326 3227 515 3304 praesidium
536 3230 655 3304 regium
676 3244 762 3303 esse,
784 3230 864 3289 sieut
883 3228 913 3287 in
934 3225 1002 3287 aliis
1025 3225 1208 3298 civitatibus,

221 3308 378 3384 dixerunt,
399 3311 458 3372 sed
473 3311 610 3387 pluribus
626 3313 730 3385 simul,
746 3319 776 3372 et
789 3313 912 3394 plenam
925 3310 1129 3371 Macedonum
1144 3308 1209 3368 Ma-

220 3410 347 3457 roneam
369 3410 450 3456 esse.
483 3396 587 3471 itaque
607 3396 755 3457 dominari
777 3396 990 3456 adsentatores
1010 3394 1130 3469 regios:
1159 3390 1208 3451 his

221 3477 298 3541 solis
313 3479 400 3556 loqui
413 3486 445 3541 et
454 3478 485 3540 in
497 3480 609 3540 senatu
617 3487 648 3540 et
657 3481 688 3539 in
699 3479 894 3541 contionibus
906 3479 1015 3545 licere;
1031 3492 1087 3539 eos
1100 3489 1209 3538 omnes
