2642 4017
293 243 409 304 LIBER
423 244 512 305 xlv.
536 244 729 307 caenam.
753 253 789 320 [ι.
802 251 910 320 αισι]
1034 244 1098 311 sle

119 397 305 478 Illyriosque
319 396 434 458 liberos
449 410 530 472 esse,
551 404 585 459 ut
598 397 750 474 audimus,
764 396 885 475 iubetis,
901 414 970 463 cum
985 403 1099 463 servia

118 482 181 544 rint
194 488 358 557 antequam
374 479 537 542 vobIscum
550 480 755 543 bellarent-
767 496 826 543 nec
841 482 1023 561 cuiusquam
1037 487 1098 548 lor·

119 575 213 630 tunae
232 563 421 638 invidemus,
444 563 536 624 immo
558 564 757 640 agnoscimus
778 566 969 629 clementiam
991 569 1099 644 populi

119 649 250 713 Romani
262 669 321 704 -ι
341 646 490 723 Rhodios,
506 647 559 724 qui
568 647 642 709 nihil
652 648 737 710 ahud
747 665 839 725 quam
850 649 1101 726 quieveruuthoc

118 734 217 808 bello,
242 732 351 793 hostes
371 746 411 792 ex
431 729 526 793 sociis
540 732 649 793 facturi
669 731 767 795 estist
792 739 876 795 certe
897 734 1021 811 quidem
1040 750 1099 797 vos

12 836 20 849 ¹
120 818 197 879 estis
207 815 348 889 Romani,
364 814 416 890 qui
430 815 501 876 ideo
515 814 616 877 felicia
628 815 711 877 bella
720 822 825 878 vestra
839 832 920 894 esse,
937 815 1010 894 quia
1020 818 1100 880 iusta

120 901 189 977 sint,
204 915 279 976 prae
291 898 382 974 souis
397 897 500 970 lerum
518 906 652 961 nectam
666 899 879 974 exitueorum,
897 902 982 977 quod
996 902 1098 963 vinca·

119 985 175 1059 tls,
200 999 293 1059 quam
313 981 488 1059 principiis,
514 983 599 1059 quod
620 999 683 1044 nou
704 982 773 1044 sine
793 999 889 1047 causa
909 985 1099 1062 suscipiatis,

119 1065 298 1144 gloriamini.
320 1065 465 1128 Messana
474 1067 506 1128 iu
517 1065 621 1128 Sicilia
631 1064 811 1143 oppugnata
821 1066 1099 1144 Carthaginienses,

118 1150 258 1213 Athenae
279 1155 476 1226 oppugnatae
495 1155 527 1212 et
548 1150 677 1212 Graecia
702 1149 734 1212 in
754 1151 931 1215 servitutem
952 1153 1047 1228 petita
1068 1157 1101 1213 et
1194 1194 1196 1198 ι

119 1235 242 1296 adiutus
262 1233 412 1295 Hannibal
432 1234 565 1312 pecunia
584 1234 707 1296 auxiliis
727 1234 899 1312 Philippum
919 1236 1040 1297 hostem
1054 1236 1098 1296 le·

118 1325 235 1379 cerunt
257 1317 429 1380 Antiochus
448 1317 519 1393 ipse
537 1319 616 1379 ultro
635 1318 675 1379 ab
689 1317 809 1380 Aetolis
829 1318 970 1381 hostibus
984 1317 1098 1380 vestris

119 1402 286 1464 arcessitus
300 1417 340 1463 ex
349 1398 427 1462 Asia
438 1402 541 1463 classe
551 1401 582 1462 in
595 1400 754 1462 Graeciam
763 1400 890 1473 traiedt,
905 1401 1099 1463 Demetriade

118 1492 150 1546 et
164 1485 306 1546 Chalcide
323 1493 354 1548 et
366 1486 447 1546 saltu
459 1483 734 1562 Thermopylarum
749 1491 900 1559 occupato
915 1484 956 1545 de
969 1498 1098 1560 posses·

119 1569 208 1630 sione
227 1568 346 1646 imperii
360 1584 419 1630 vos
439 1567 562 1628 deicere
577 1575 718 1628 conatus.
741 1582 811 1628 cum
823 1566 937 1629 Perseo
953 1566 1031 1630 socii
1045 1582 1098 1627 ve·

118 1653 173 1714 stri
189 1653 366 1729 oppugnati,
382 1651 433 1712 alli
445 1653 531 1714 eiecti
542 1653 599 1712 alit·
605 1650 757 1711 interlecti
768 1650 867 1726 reguli
878 1650 1098 1728 principesque

117 1738 253 1811 gentium
274 1744 327 1798 aut
353 1736 537 1812 populorum
559 1749 655 1796 eausa
680 1733 753 1794 belli
771 1734 861 1796 vohis
881 1735 977 1798 luere.
1007 1748 1098 1812 quem

119 1822 241 1882 undem
255 1821 374 1884 titulum
389 1824 495 1880 nostra
516 1817 672 1898 calamitas
691 1816 832 1880 habitura
846 1827 908 1892 est,
930 1820 958 1881 si
972 1818 1098 1895 perituri

117 1912 246 1966 sumust
270 1904 407 1966 noudum
422 1916 554 1977 segrego
570 1899 700 1964 civitatis
715 1917 841 1964 causam
856 1902 1053 1981 aPolyaralo
1068 1908 1098 1963 et

116 1989 250 2062 Dinone,
267 1986 385 2049 ciuibus
399 1985 528 2060 nostris,
543 1990 575 2045 et
589 1985 642 2059 iis,
659 2001 740 2061 quos
754 1992 789 2047 ut
801 1986 992 2047 traderemus
1006 1984 1098 2047 vobis

117 2071 311 2133 adduximus.
331 2070 358 2131 si
373 2085 480 2131 omues
493 2067 607 2131 Rhodii
620 2085 721 2145 aeque
735 2069 819 2130 noxii
833 2083 991 2143 essemus,
1013 2068 1099 2144 quod

118 2162 256 2216 nostrum
270 2156 300 2215 in
315 2154 375 2216 hoe
387 2153 469 2215 bello
491 2153 605 2214 crimen
620 2160 726 2215 essett
751 2152 855 2214 Persei
870 2153 1007 2229 partibus
1021 2151 1097 2213 lavi-

117 2253 202 2314 mus,
229 2246 260 2300 et
280 2238 539 2314 quemadmodum
557 2236 702 2299 Antiochi
722 2235 918 2314 Philippique
938 2237 1019 2297 bello
1040 2251 1097 2311 pro

116 2323 205 2384 vobis
226 2323 377 2384 adversus
397 2336 504 2398 reges,
528 2320 574 2383 sic
596 2337 679 2382 nunc
697 2337 755 2396 pro
777 2336 850 2397 rege
870 2320 1025 2381 adversus
1039 2334 1097 2381 vos

117 2407 266 2469 stedmus.
289 2406 548 2483 quemadmodum
559 2405 715 2466 soleamus
728 2404 833 2467 socios
844 2402 951 2466 lunare
962 2410 994 2465 et
1004 2419 1097 2480 quam

116 2491 245 2567 impigre
261 2506 428 2569 capessere
444 2490 533 2558 bella,
550 2488 582 2550 G.
596 2487 714 2551 Livium
728 2489 761 2550 L.
772 2486 935 2550 Aemilium
946 2487 1098 2564 Regillum

116 2574 317 2651 interrogate,
344 2576 396 2651 qui
422 2574 575 2636 classibus
600 2569 714 2635 vestris
738 2573 770 2635 ln
789 2572 867 2635 Asia
888 2572 1097 2649 praefuerunt.

117 2672 282 2733 numquam
301 2666 426 2719 vestrae
447 2673 542 2719 naves
567 2672 747 2733 pugnavere
766 2656 834 2718 siue
856 2656 956 2718 nohis.
989 2661 1097 2717 nostre

118 2740 220 2801 classe
231 2742 434 2815 pugnavimus
444 2742 540 2801 semel
551 2741 591 2800 ad
604 2739 738 2815 Samum,
754 2742 861 2801 ilerum
873 2740 904 2800 in
915 2739 1096 2818 Pamphylia

117 2823 267 2884 adversus
288 2823 489 2883 Hannibalem
508 2823 739 2898 imperatorem
762 2839 843 2900 quae
862 2821 992 2884 uictoria
1005 2822 1098 2883 nobis

117 2922 155 2967 eo
176 2904 340 2982 gloriosior
361 2912 424 2979 est,
446 2905 531 2981 quod
546 2920 614 2979 cum
628 2907 669 2966 ad
685 2905 809 2967 Samum
824 2921 964 2981 magnam
979 2913 1097 2982 partem

117 2993 239 3053 nauum
255 2991 387 3051 adversa
403 3004 507 3064 pugna
527 2994 559 3048 et
571 2989 726 3065 egregiam
740 2989 926 3051 iuventutem
940 2989 1096 3052 amisisse·

116 3091 200 3149 mus,
223 3092 262 3137 ne
277 3081 359 3136 tanta
375 3072 499 3149 quidem
513 3072 602 3133 clade
616 3073 710 3134 territi
723 3072 832 3134 iterum
846 3073 913 3135 ausi
926 3089 1034 3136 sumus
1048 3089 1098 3134 re·
1133 3130 1139 3138 .

115 3160 184 3236 giae
204 3159 298 3221 classi
318 3175 359 3220 ex
379 3156 472 3236 Syria
489 3155 622 3218 venienti
643 3156 765 3219 obviam
785 3157 838 3218 ire.
862 3157 939 3219 hooc
953 3174 1015 3219 non
1031 3160 1092 3233 gle-

115 3244 214 3305 riandi
235 3259 331 3305 cansa
350 3241 450 3305 rettuli
471 3275 514 3289 --
536 3255 637 3316 neque
657 3241 738 3302 enim
758 3258 796 3303 ea
815 3257 896 3303 nunc
922 3245 1028 3304 nostra
1051 3250 1100 3302 est

116 3328 238 3393 tenura
249 3360 301 3402 -,
324 3327 381 3388 sed
396 3332 430 3386 ut
442 3325 654 3398 admonerem,
676 3326 933 3403 quemadmodum
949 3323 1100 3385 adiuvare

119 3413 223 3474 socios
244 3414 379 3473 solerent
393 3409 537 3472 Rhodii.“
558 3408 664 3470 XXIII.
683 3409 846 3487 „praemia
866 3416 897 3471 et
910 3410 1050 3485 Philippo
1071 3412 1101 3470 et

115 3494 267 3557 Andocho
283 3494 413 3556 devictis
428 3492 619 3570 amplissima
629 3496 806 3571 accepimus
818 3510 837 3554 a
847 3491 946 3553 vobis.
962 3490 999 3564 si,
1016 3506 1097 3566 quae

156 3595 179 3638 r.
195 3594 257 3638 mur
271 3595 347 3639 raas
361 3580 400 3638 V.
856 3583 890 3637 18
