2642 4017
237 310 299 377 278
392 311 508 372 tlBER
517 309 608 368 XLV.
631 308 715 370 cap.
729 318 774 371 as.
784 317 828 371 ro.
850 313 885 382 [ι.
900 313 935 367 υ.
947 331 971 366 0.
983 309 1044 387 aas]

236 469 297 544 ipsi
320 463 481 527 coniuncto
504 461 640 523 exercitu
659 464 825 534 venerunt,
850 460 933 520 eirca
954 458 1127 522 Orthosiam
1147 461 1215 520 aeie

236 553 384 612 vieemnt

320 632 426 694 xxvi
448 630 527 691 Dum
541 628 620 687 haee
632 626 684 700 rbl
700 626 781 687 aha
772 644 803 687 m
818 576 1008 699 Macedonia,
1025 625 1085 687 alra
1097 628 1215 688 Romae

237 723 391 793 geruntur,
407 712 525 775 interim
540 712 572 771 in
586 710 709 790 lllynco
722 710 756 770 L
770 710 899 771 Anicius
912 725 987 785 rege
1002 710 1120 785 Gentio,
1136 710 1216 772 siout

237 799 442 862 antedictum
462 802 523 866 est,
549 795 581 855 ln
595 800 777 870 potestatem
790 794 931 867 redacto,
957 792 1109 868 Scodrae,
1135 809 1216 869 quae

237 899 289 961 reg
291 885 322 946 ia
335 885 442 955 luerat,
457 879 612 955 praesidio
627 877 771 954 imposito
786 877 948 938 Gabiniana
964 876 1121 952 praeierit,
1142 877 1215 938 Rhi-

237 968 307 1030 zoni
321 974 352 1027 et
367 965 484 1025 Olcinio
498 962 626 1022 urbibus
640 960 866 1038 opportunisc.
876 959 1034 1023 Licinium
1054 962 1216 1037 praeposi·

237 1053 277 1110 tis
297 1051 344 1109 his
362 1048 484 1127 Illyrico
504 1046 624 1143 reliquo
646 1045 810 1106 exercitu
800 1063 832 1106 ιιι
845 1044 972 1122 Epirum
983 1053 1033 1107 est
1046 1045 1167 1122 prolect
1167 1061 1215 1106 us.

237 1132 290 1194 ubi
313 1133 411 1209 prima
430 1130 566 1190 Phanota
586 1130 614 1188 ei
629 1129 733 1191 dedita
745 1136 810 1191 tota
823 1130 1014 1190 multitudine
1027 1145 1097 1190 cum
1111 1129 1215 1190 inluHs

238 1216 359 1278 obviam
384 1214 492 1275 effusa.
529 1212 579 1273 hic
610 1213 765 1288 praesidio
789 1214 932 1289 imposito
960 1213 992 1273 ln
1015 1211 1217 1275 Molossidem

239 1309 461 1376 transgressus,
476 1298 563 1358 euius
579 1297 720 1359 omuibus
736 1297 861 1372 oppidis
876 1303 998 1373 praeter
1010 1295 1217 1359 Passaronem

238 1391 270 1445 et
278 1385 461 1446 Tecmonem
475 1388 506 1443 et
514 1381 669 1459 Phylacen
683 1387 714 1441 et
723 1381 874 1442 Horreum
887 1381 1020 1456 receptis
1031 1379 1162 1457 primum
1175 1381 1217 1440 ad
1235 1431 1240 1435 .

237 1467 440 1529 Passaronem
454 1464 546 1527 ducit.
568 1464 721 1526 Antinous
741 1473 774 1526 et
785 1464 963 1526 Theodotus
977 1465 1134 1541 principes
1149 1464 1216 1525 eius

238 1551 370 1613 civltatis
385 1556 480 1625 erant,
494 1548 633 1624 insignes
647 1555 680 1609 et
692 1550 799 1610 lavore
812 1547 918 1609 Persei
932 1553 963 1609 et
975 1549 1048 1610 odio
1063 1549 1216 1610 adversus

238 1635 413 1711 Romanos,
433 1634 526 1695 iidem
538 1632 703 1694 universae
715 1631 798 1707 genti
810 1640 953 1694 auctores
968 1633 1164 1694 desciscendi
1178 1632 1216 1694 ah

237 1718 395 1779 Romanis.
417 1717 449 1778 hi
471 1715 659 1779 conscientia
674 1716 812 1792 privatae
826 1731 937 1791 noxae,
953 1716 1027 1792 quia
1040 1717 1119 1792 ipsis
1133 1718 1218 1777 nulla

239 1816 314 1876 spes
329 1800 438 1862 veniae
451 1808 529 1876 erat,
550 1806 584 1861 ut
598 1800 752 1861 communi
771 1800 860 1861 ruina
874 1800 991 1875 patriae
1006 1800 1217 1876 opprimeren-

239 1890 301 1960 tur,
316 1886 490 1947 clauserunt
503 1891 623 1960 portas,
638 1884 875 1960 multitudinem,
889 1890 922 1946 ut
935 1891 1063 1946 mortem
1077 1883 1217 1946 servituti

239 1979 472 2046 praeponerent,
487 1968 656 2031 hortantes.
674 1983 764 2028 nemo
779 1960 931 2029 ad‘versus
941 1974 1159 2045 praepotentes
1170 1968 1216 2028 vi·

239 2066 292 2114 ros
307 2054 428 2116 hiscere
441 2053 585 2115 audebat.
607 2052 730 2112 tandem
750 2052 927 2115 Theodotus
943 2050 1082 2129 quidam,
1103 2051 1215 2113 nobilis

239 2137 351 2213 etipse
364 2138 557 2211 adolescens,
578 2151 647 2198 cum
661 2136 791 2196 maiora
804 2136 951 2198 Romanis
965 2141 1063 2196 metus
1077 2134 1219 2198 timorem

239 2236 258 2279 a
272 2220 461 2298 principibus
475 2221 541 2282 suis
551 2219 687 2295 vicisset,
703 2236 803 2295 „quae
815 2236 873 2281 vos
883 2218 1006 2281 rabies“
1020 2219 1119 2295 inquit
1132 2220 1215 2295 „agi-

238 2308 297 2378 tat,
320 2305 372 2380 qui
393 2305 521 2365 duorum
542 2303 700 2364 hominum
720 2319 822 2364 noxae
839 2304 990 2367 civitatem
1004 2303 1217 2365 accessionem

239 2385 360 2447 tacitist
374 2386 518 2462 equidem
532 2403 588 2463 pro
604 2387 704 2463 patria
718 2388 771 2462 qui
784 2389 877 2448 letum
892 2388 1098 2464 appetissent,
1120 2402 1218 2462 saepe

238 2469 332 2531 lando
353 2469 472 2529 audien
500 2470 552 2543 qui
572 2472 702 2545 patriam
722 2487 779 2545 pro
795 2486 831 2530 se
845 2473 946 2547 perire
959 2487 1093 2548 aequum
1107 2486 1216 2532 cense-

237 2560 319 2623 rent,
336 2552 367 2611 hi
380 2550 469 2627 primi
483 2551 598 2612 inventi
611 2560 692 2613 sunt.
716 2554 790 2628 quin
805 2555 959 2630 aperimus
973 2562 1096 2629 portas,
1118 2562 1149 2616 et
1160 2555 1216 2614 im-

239 2633 357 2708 perium
371 2632 555 2709 accipimus,
579 2636 664 2709 quod
681 2636 765 2697 orbis
785 2643 934 2699 terrarum
955 2639 1117 2713 accepitr⁴‘
1138 2638 1217 2698 haee

239 2716 390 2776 dicentem
404 2732 472 2777 cum
486 2717 647 2780 multitudo
663 2729 853 2797 sequeretur,
868 2722 1022 2783 Anunous
1032 2728 1064 2782 et
1074 2719 1216 2783 Theodo-

239 2806 288 2860 tus
309 2800 340 2859 in
360 2799 490 2876 primam
510 2803 674 2864 studerem
694 2803 828 2866 hostium
848 2805 1038 2882 irruperunt,
1061 2814 1152 2880 atque
1173 2803 1217 2864 ibi

238 2882 404 2947 offerentes
425 2902 461 2946 se
481 2887 542 2962 ipsi
561 2886 740 2949 vulneribus
762 2890 928 2950 interlecti:
954 2889 1030 2950 urbs
1051 2888 1154 2949 dedita
1167 2894 1216 2947 est

235 2967 392 3031 Romanis.
414 2970 505 3031 simili
516 2970 684 3049 pertinacia
696 2972 820 3048 Cephali
833 2973 982 3049 principis
994 2975 1130 3033 clausum
1140 2973 1214 3031 Teu·

236 3065 358 3113 monem
378 3054 448 3130 ipso
469 3055 628 3117 interfecto
643 3072 700 3131 per
714 3056 899 3118 deditionem
913 3055 1040 3132 recepit.
1063 3071 1120 3116 nec
1134 3054 1214 3131 Phy-

235 3137 303 3196 lace
317 3152 375 3198 nec
388 3137 539 3201 Horreum
553 3139 814 3238 oppugnationem
830 3140 972 3200 tulerunt
987 3138 1097 3216 pacata
1109 3138 1215 3214 Epiro,

237 3218 439 3318 divisisque
431 3239 463 3282 tn
485 3223 612 3284 hiberna
635 3222 733 3299 copiis
756 3239 812 3298 per
826 3231 1017 3322 opportunas
1032 3225 1140 3298 urbes,
1166 3238 1215 3283 re-

236 3319 364 3379 gressus
378 3306 447 3378 ipse
460 3307 491 3365 in
506 3307 670 3384 Illyricum,
683 3305 831 3382 Scodrae,
847 3325 908 3390 quo
925 3309 1063 3383 qumque
1072 3306 1164 3383 regau
1175 3307 1215 3366 ab

235 3389 334 3472 Roma
355 3396 515 3462 venerant,
537 3390 674 3449 evocatis
697 3405 737 3448 ex
760 3397 822 3450 tota
843 3392 1008 3465 provincia
1022 3390 1215 3467 principibus

236 3481 418 3534 conventum
438 3471 552 3531 habuit
575 3471 617 3529 ihi
637 3487 694 3545 pro
709 3472 849 3533 tribunali
867 3475 1074 3550 pronuntiavit
1088 3475 1128 3535 de
1142 3490 1217 3535 sen·

236 3554 329 3616 tentia
350 3553 483 3620 consilii,
508 3560 647 3614 sanatum
667 3556 878 3631 populumque
897 3558 1069 3618 Romanum
1089 3557 1215 3636 Illyrios
