2642 4017
232 300 352 361 LIBER
366 300 498 361 xxxlx.
522 302 604 362 cAP.
620 311 664 367 re.
677 312 720 367 19.
732 313 776 366 aa.
799 312 954 382 [aenae]
1038 305 1077 370 lt

98 468 155 513 non
167 452 268 512 minus
282 459 395 525 essent,
411 452 452 512 ita
463 452 495 512 id
507 468 628 513 sacrum
641 454 763 528 laceret,
777 455 848 515 dum
860 470 899 515 ne
911 457 979 531 plus
992 459 1076 533 quin-

99 550 155 610 que
169 535 324 596 sacrificio
340 534 532 610 interessent,
547 553 609 597 neu
621 553 683 612 qua
694 536 826 612 pecunia
838 540 1006 600 communis
1018 558 1077 602 neu

97 619 163 695 quis
182 618 332 694 magister
352 635 512 679 sacrorum
535 628 588 681 aut
607 622 757 682 sacerdos
772 630 866 682 esset.
894 622 972 683 xlx.
995 625 1078 685 aliud

96 703 201 762 deinde
223 703 299 762 huic
319 703 514 764 coniunctum
533 705 686 765 referente
701 705 735 779 Q.
750 705 866 768 Marcio
887 708 1015 768 consule
1029 723 1078 768 se·

95 792 180 846 natus
196 788 375 846 consultum
390 788 573 860 factumest,
591 796 626 848 ut
639 789 679 849 de
693 789 740 862 iis,
758 806 837 864 quos
852 805 910 866 pro
925 790 1077 853 indicibus

96 871 237 931 consules
261 870 460 946 habuissent,
483 871 601 947 integra
619 886 672 932 res
692 874 732 932 ad
748 881 887 935 senatum
903 876 1077 951 referretur,

96 969 158 1013 cum
179 952 235 1028 Sp.
257 953 440 1014 Postumius
461 955 693 1030 quaestionibus
717 958 861 1031 perlectis
881 959 1009 1019 Romam
1029 974 1077 1019 re·

96 1037 196 1097 disset.
233 1036 364 1098 Minium
379 1038 545 1098 Cerrinium
561 1038 747 1113 campanum
761 1041 895 1101 Ardeam
910 1042 940 1102 iu
956 1041 1079 1103 vincula

95 1122 272 1181 mittendum
287 1130 483 1197 censuerunt,
497 1123 788 1199 magistratibusque
802 1126 976 1186 Ardeatium
987 1141 1076 1203 prae·

96 1203 272 1280 dicendum,
296 1211 331 1265 ut
351 1206 512 1267 intentiore
534 1221 603 1266 eum
625 1207 767 1268 custodia
780 1209 993 1285 adservarem,
1014 1226 1075 1271 non

96 1290 190 1348 solum
212 1305 254 1349 ne
277 1288 442 1363 effugeret,
464 1290 521 1349 sed
541 1305 581 1349 ne
596 1291 703 1352 mortis
720 1293 961 1353 consciscendae
977 1295 1076 1354 locum

94 1369 225 1432 baberet.
255 1372 312 1447 Sp.
327 1373 501 1433 Postumius
516 1374 671 1448 aliquanto
687 1382 760 1450 post
773 1376 901 1436 Romam
917 1375 1015 1435 venit:
1038 1391 1076 1437 eo

93 1456 242 1518 referente
269 1458 311 1516 de
333 1456 366 1514 P.
387 1457 511 1518 Aebutii
536 1464 566 1516 et
584 1458 732 1535 Hispalae
751 1458 904 1519 Feceniae
920 1458 1075 1534 praemio,

95 1540 174 1612 quod
195 1556 307 1602 eorum
328 1556 425 1615 opera
445 1541 578 1600 indicata
590 1540 795 1602 Bacchanalia
809 1549 928 1614 esseut,
951 1550 1076 1603 senatus

96 1625 268 1685 consultum
283 1626 396 1684 lactum
411 1632 473 1698 est,
491 1624 534 1685 uti
550 1623 681 1700 singulis
694 1624 743 1686 his
758 1633 887 1685 centena
900 1625 982 1685 milia
995 1625 1076 1686 aeris

96 1715 278 1779 quaestores
299 1706 409 1768 urbani
426 1709 598 1769 execratio
617 1709 741 1778 darent;
763 1710 868 1785 utique
884 1711 992 1770 consul
1007 1725 1076 1771 cum

96 1789 219 1853 tribunis
241 1791 345 1868 plebis
367 1800 486 1867 ageret,
507 1797 541 1852 ut
560 1793 599 1851 ad
614 1792 735 1866 plebem
750 1792 847 1867 primo
863 1809 987 1869 quoque
1002 1800 1071 1854 tem·

97 1888 166 1946 pore
186 1876 319 1945 ferrent,
341 1882 376 1935 ul
387 1876 420 1934 P.
436 1875 569 1937 Aebutio
591 1874 716 1935 emerita
730 1875 883 1950 stipendia
897 1885 1016 1951 essent,
1038 1893 1077 1936 ne

97 1955 201 2019 invitus
221 1959 367 2019 militaret
381 1975 459 2019 neve
474 1974 621 2021 censores
635 1973 749 2034 equum
763 1959 919 2034 publicum
934 1959 1076 2034 adsigna·

99 2048 172 2111 rent;
206 2043 315 2117 utique
335 2042 485 2103 Feceniae
505 2043 652 2118 Hispalae
678 2043 760 2104 datio
790 2042 955 2103 deminutio
976 2042 1076 2118 gentis

98 2127 216 2199 enuptio
240 2126 351 2186 tutoris
373 2127 457 2201 optio
477 2128 547 2187 item
569 2133 668 2200 esset,
690 2127 779 2202 quasi
793 2126 822 2187 ei
835 2127 882 2186 vir
895 2133 1076 2188 testamento

100 2206 249 2279 dedisset;
277 2210 382 2284 utique
404 2212 431 2269 ei
451 2211 584 2286 ingenuo
604 2211 721 2271 nubere
736 2212 853 2285 liceret,
874 2226 936 2272 neu
958 2211 1031 2286 quid
1048 2211 1076 2271 ei

99 2292 144 2364 qui
158 2310 225 2353 earn
244 2294 385 2355 duxisset
399 2292 438 2354 ob
453 2294 485 2354 id
500 2293 598 2353 fraudi
613 2292 838 2368 ignominiaeve
852 2301 952 2363 esset3
972 2294 1077 2369 utique

99 2379 238 2437 consules
254 2384 492 2453 praetoresque,
515 2376 568 2452 qui
582 2393 664 2437 nunc
679 2384 785 2438 essent
799 2376 891 2452 quive
906 2382 1016 2451 postea
1030 2378 1075 2437 iu·

98 2459 151 2518 turi
164 2467 281 2535 esseut,
297 2468 448 2535 curarent,
463 2476 502 2519 ne
517 2458 590 2536 quid
603 2462 630 2518 ei
641 2461 759 2520 mulieri
771 2460 898 2519 iniuriae
910 2460 1004 2533 fleret,
1020 2457 1076 2520 uti·

99 2557 153 2615 que
172 2551 240 2606 tuto
261 2551 354 2605 esset.
387 2545 419 2604 id
439 2550 579 2604 senatum
595 2545 675 2603 velle
690 2552 720 2604 et
733 2560 866 2619 aequum
881 2559 1023 2618 censere,
1044 2551 1077 2605 ut

98 2623 135 2684 ita
147 2627 245 2687 lieret
265 2644 302 2687 ea
317 2628 419 2688 omnia
433 2628 494 2688 lata
508 2627 548 2687 ad
562 2627 684 2701 plebem
698 2628 841 2702 iactaque
855 2636 926 2689 sunt
936 2643 974 2689 ex
987 2643 1075 2688 sena·

98 2712 143 2768 tus
164 2712 325 2782 consulto;
349 2720 380 2773 et
401 2712 440 2772 de
461 2718 629 2771 ceterorum
647 2710 781 2771 indicum
796 2712 974 2787 impunitate
988 2727 1075 2787 prae·

99 2792 225 2870 miisque
242 2796 421 2856 consulibus
436 2793 622 2871 permissum
636 2802 692 2853 est.

175 2879 241 2937 XX.
262 2879 301 2939 Et
321 2879 380 2938 iam
395 2878 429 2952 Q.
442 2878 577 2938 Marcius
599 2876 832 2953 quaestionibus
850 2893 926 2938 suae
939 2877 1075 2953 regionis

101 2962 240 3029 perlectis
255 2962 285 3022 in
302 2962 432 3037 Ligures
446 2962 636 3037 provinciam
649 2959 806 3035 proficisci
820 2962 964 3036 parabat,
978 2962 1075 3022 tribus

100 3042 216 3106 milibus
232 3045 368 3120 peditum
380 3046 598 3119 Romanorum,
614 3052 737 3106 centum
753 3044 975 3120 quinquaginta
989 3046 1075 3122 equi-

102 3123 184 3201 tibus,
200 3136 231 3188 et
242 3130 378 3204 quinque
388 3129 510 3190 milibus
521 3128 619 3189 Latini
630 3129 762 3189 nominis
774 3129 920 3204 peditum,
935 3129 1075 3190 ducentis

102 3211 247 3282 equitibus
273 3213 303 3271 in
329 3214 576 3287 supplementum
599 3212 745 3287 acceptis.
779 3212 886 3272 eadem
908 3213 1075 3288 provincia,

102 3286 175 3353 idem
196 3311 341 3355 numerus
363 3295 499 3370 peditum
520 3296 718 3371 equitumque
739 3301 769 3355 et
783 3296 919 3371 collegae
934 3297 1075 3356 decretus

104 3384 168 3436 erat.
189 3380 342 3438 exercitus
358 3388 544 3455 acceperunt
559 3395 638 3455 quos
655 3379 758 3454 priore
773 3395 854 3440 anno
866 3380 897 3440 c.
909 3376 1076 3439 Flaminius

104 3457 335 3522 elinantius
352 3464 497 3524 consules
510 3462 690 3524 habuerunt.
714 3464 791 3523 duas
808 3471 967 3538 praeterea
981 3458 1075 3534 legio-

104 3552 152 3601 nes
176 3562 272 3606 novas
299 3562 340 3606 ex
363 3553 488 3607 senatus
513 3548 653 3607 consulto
680 3547 814 3606 scribere
835 3545 912 3605 iussi
935 3549 1020 3615 sunt,
1046 3551 1076 3604 et

140 3641 163 3683 τ.
179 3644 239 3687 crvr
253 3646 331 3688 nnus
344 3631 383 3688 V.
848 3633 865 3682 2
