<?xml version="1.0" encoding="UTF-8"?>
<!DOCTYPE html PUBLIC "-//W3C//DTD XHTML 1.0 Transitional//EN"
    "http://www.w3.org/TR/xhtml1/DTD/xhtml1-transitional.dtd">
<html xmlns="http://www.w3.org/1999/xhtml" xml:lang="en" lang="en">
 <head>
  <title>
</title>
<meta http-equiv="Content-Type" content="text/html;charset=utf-8" />
  <meta name='ocr-system' content='tesseract 3.04.00' />
  <meta name='ocr-capabilities' content='ocr_page ocr_carea ocr_par ocr_line ocrx_word'/>
</head>
<body>
  <div class='ocr_page' id='page_1' title='image "./aburbeconditali01mlgoog_0168.png"; bbox 0 0 2642 4017; ppageno 0'>
   <div class='ocr_carea' id='block_1_1' title="bbox 236 318 1037 393">
    <p class='ocr_par' dir='ltr' id='par_1_1' title="bbox 236 318 1037 393">
     <span class='ocr_line' id='line_1_1' title="bbox 236 318 1037 393; baseline -0.005 -6"><span class='ocrx_word' id='word_1_1' title='bbox 236 324 296 389; x_wconf 78' lang='grc'><strong>134</strong></span> <span class='ocrx_word' id='word_1_2' title='bbox 415 321 531 383; x_wconf 83' lang='lat' dir='ltr'><strong>LIBER</strong></span> <span class='ocrx_word' id='word_1_3' title='bbox 546 319 634 380; x_wconf 85' lang='lat' dir='ltr'><strong>XLII.</strong></span> <span class='ocrx_word' id='word_1_4' title='bbox 655 318 738 378; x_wconf 86' lang='lat' dir='ltr'><strong>CAP.</strong></span> <span class='ocrx_word' id='word_1_5' title='bbox 753 329 780 381; x_wconf 78' lang='lat' dir='ltr'><strong>t.</strong></span> <span class='ocrx_word' id='word_1_6' title='bbox 792 326 818 381; x_wconf 82' lang='lat'><strong>6·</strong></span> <span class='ocrx_word' id='word_1_7' title='bbox 841 325 877 392; x_wconf 88' lang='grc' dir='ltr'>[ιι.</span> <span class='ocrx_word' id='word_1_8' title='bbox 891 323 924 376; x_wconf 85' lang='lat' dir='ltr'><strong>U.</strong></span> <span class='ocrx_word' id='word_1_9' title='bbox 938 341 962 377; x_wconf 83' lang='lat' dir='ltr'><strong>c.</strong></span> <span class='ocrx_word' id='word_1_10' title='bbox 974 325 1037 393; x_wconf 77' lang='lat' dir='ltr'><strong>sta]</strong></span> 
     </span>
    </p>
   </div>
   <div class='ocr_carea' id='block_1_2' title="bbox 206 469 1231 3648">
    <p class='ocr_par' dir='ltr' id='par_1_2' title="bbox 206 469 1231 3648">
     <span class='ocr_line' id='line_1_2' title="bbox 234 469 1216 548; baseline -0.008 -6"><span class='ocrx_word' id='word_1_11' title='bbox 234 495 343 542; x_wconf 90' lang='lat' dir='ltr'><strong>omues</strong></span> <span class='ocrx_word' id='word_1_12' title='bbox 362 474 502 538; x_wconf 81' lang='lat' dir='ltr'>homiues</span> <span class='ocrx_word' id='word_1_13' title='bbox 522 471 604 548; x_wconf 82' lang='lat' dir='ltr'><strong>regi,</strong></span> <span class='ocrx_word' id='word_1_14' title='bbox 627 487 685 532; x_wconf 88' lang='lat' dir='ltr'><strong>seu</strong></span> <span class='ocrx_word' id='word_1_15' title='bbox 700 471 781 530; x_wconf 88' lang='lat' dir='ltr'><strong>lama</strong></span> <span class='ocrx_word' id='word_1_16' title='bbox 795 476 825 531; x_wconf 90' lang='lat' dir='ltr'><strong>et</strong></span> <span class='ocrx_word' id='word_1_17' title='bbox 838 469 997 531; x_wconf 79' lang='lat' dir='ltr'><strong>maiestate</strong></span> <span class='ocrx_word' id='word_1_18' title='bbox 1010 470 1216 535; x_wconf 81' lang='lat' dir='ltr'><strong>Macedonum</strong></span> 
     </span>
     <span class='ocr_line' id='line_1_3' title="bbox 233 554 1218 639; baseline -0.007 -15"><span class='ocrx_word' id='word_1_19' title='bbox 233 580 340 639; x_wconf 81' lang='lat' dir='ltr'><strong>regum</strong></span> <span class='ocrx_word' id='word_1_20' title='bbox 360 557 576 637; x_wconf 84' lang='lat' dir='ltr'><strong>praeoccupati</strong></span> <span class='ocrx_word' id='word_1_21' title='bbox 598 555 637 614; x_wconf 93' lang='lat' dir='ltr'><strong>ad</strong></span> <span class='ocrx_word' id='word_1_22' title='bbox 653 554 859 630; x_wconf 83' lang='lat' dir='ltr'><strong>spernendum</strong></span> <span class='ocrx_word' id='word_1_23' title='bbox 873 554 1019 630; x_wconf 79' lang='lat' dir='ltr'><strong>originem</strong></span> <span class='ocrx_word' id='word_1_24' title='bbox 1034 555 1107 615; x_wconf 90' lang='lat' dir='ltr'><strong>novi</strong></span> <span class='ocrx_word' id='word_1_25' title='bbox 1121 558 1218 632; x_wconf 77' lang='lat' dir='ltr'><strong>regni,</strong></span> 
     </span>
     <span class='ocr_line' id='line_1_4' title="bbox 234 637 1219 714; baseline -0.008 -5"><span class='ocrx_word' id='word_1_26' title='bbox 234 663 292 710; x_wconf 89' lang='lat' dir='ltr'><strong>seu</strong></span> <span class='ocrx_word' id='word_1_27' title='bbox 313 642 487 706; x_wconf 76' lang='lat' dir='ltr'><strong>mutationis</strong></span> <span class='ocrx_word' id='word_1_28' title='bbox 506 655 608 700; x_wconf 88' lang='lat' dir='ltr'><strong>rerum</strong></span> <span class='ocrx_word' id='word_1_29' title='bbox 624 638 743 712; x_wconf 88' lang='lat' dir='ltr'><strong>cupidi,</strong></span> <span class='ocrx_word' id='word_1_30' title='bbox 765 653 823 698; x_wconf 90' lang='lat' dir='ltr'><strong>seu</strong></span> <span class='ocrx_word' id='word_1_31' title='bbox 837 637 909 714; x_wconf 88' lang='lat' dir='ltr'><strong>quia</strong></span> <span class='ocrx_word' id='word_1_32' title='bbox 926 654 988 698; x_wconf 88' lang='lat' dir='ltr'><strong>uon</strong></span> <span class='ocrx_word' id='word_1_33' title='bbox 1002 638 1130 700; x_wconf 81' lang='lat' dir='ltr'><strong>subiecti</strong></span> <span class='ocrx_word' id='word_1_34' title='bbox 1144 655 1219 701; x_wconf 90' lang='lat' dir='ltr'><strong>esse</strong></span> 
     </span>
     <span class='ocr_line' id='line_1_5' title="bbox 233 722 1218 792; baseline -0.009 0"><span class='ocrx_word' id='word_1_35' title='bbox 233 730 380 792; x_wconf 89' lang='lat' dir='ltr'><strong>Romanis</strong></span> <span class='ocrx_word' id='word_1_36' title='bbox 394 725 547 787; x_wconf 89' lang='lat' dir='ltr'><strong>volebant.</strong></span> <span class='ocrx_word' id='word_1_37' title='bbox 573 727 659 783; x_wconf 87' lang='lat' dir='ltr'><strong>erant</strong></span> <span class='ocrx_word' id='word_1_38' title='bbox 674 727 775 781; x_wconf 88' lang='lat' dir='ltr'><strong>autem</strong></span> <span class='ocrx_word' id='word_1_39' title='bbox 790 736 852 781; x_wconf 90' lang='lat' dir='ltr'><strong>nun</strong></span> <span class='ocrx_word' id='word_1_40' title='bbox 865 722 967 783; x_wconf 78' lang='lat' dir='ltr'><strong>Aetoli</strong></span> <span class='ocrx_word' id='word_1_41' title='bbox 982 722 1075 783; x_wconf 90' lang='lat' dir='ltr'><strong>modo</strong></span> <span class='ocrx_word' id='word_1_42' title='bbox 1090 722 1120 782; x_wconf 91' lang='lat' dir='ltr'><strong>in</strong></span> <span class='ocrx_word' id='word_1_43' title='bbox 1135 723 1218 784; x_wconf 87' lang='lat' dir='ltr'><strong>sedi·</strong></span> 
     </span>
     <span class='ocr_line' id='line_1_6' title="bbox 234 804 1217 886; baseline -0.01 -10"><span class='ocrx_word' id='word_1_44' title='bbox 234 813 368 876; x_wconf 82' lang='lat' dir='ltr'>tionibus</span> <span class='ocrx_word' id='word_1_45' title='bbox 389 816 516 886; x_wconf 91' lang='lat' dir='ltr'><strong>propter</strong></span> <span class='ocrx_word' id='word_1_46' title='bbox 536 808 689 881; x_wconf 83' lang='lat' dir='ltr'><strong>ingentem</strong></span> <span class='ocrx_word' id='word_1_47' title='bbox 708 804 770 864; x_wconf 84' lang='lat' dir='ltr'><strong>vim</strong></span> <span class='ocrx_word' id='word_1_48' title='bbox 784 806 865 865; x_wconf 88' lang='lat' dir='ltr'><strong>aeris</strong></span> <span class='ocrx_word' id='word_1_49' title='bbox 880 806 985 878; x_wconf 86' lang='lat' dir='ltr'><strong>alieni,</strong></span> <span class='ocrx_word' id='word_1_50' title='bbox 1008 807 1065 867; x_wconf 89' lang='lat' dir='ltr'><strong>sed</strong></span> <span class='ocrx_word' id='word_1_51' title='bbox 1077 805 1217 867; x_wconf 78' lang='lat' dir='ltr'>Thessali</span> 
     </span>
     <span class='ocr_line' id='line_1_7' title="bbox 234 889 1217 966; baseline -0.009 -7"><span class='ocrx_word' id='word_1_52' title='bbox 234 899 335 958; x_wconf 89' lang='lat' dir='ltr'><strong>etiam.</strong></span> <span class='ocrx_word' id='word_1_53' title='bbox 367 910 406 953; x_wconf 87' lang='lat' dir='ltr'><strong>ex</strong></span> <span class='ocrx_word' id='word_1_54' title='bbox 428 890 624 965; x_wconf 73' lang='lat' dir='ltr'>contagione,</span> <span class='ocrx_word' id='word_1_55' title='bbox 646 889 731 948; x_wconf 91' lang='lat' dir='ltr'><strong>velut</strong></span> <span class='ocrx_word' id='word_1_56' title='bbox 744 889 844 962; x_wconf 90' lang='lat' dir='ltr'><strong>tabes,</strong></span> <span class='ocrx_word' id='word_1_57' title='bbox 866 889 896 948; x_wconf 90' lang='lat' dir='ltr'><strong>iu</strong></span> <span class='ocrx_word' id='word_1_58' title='bbox 911 889 1125 950; x_wconf 80' lang='lat' dir='ltr'><strong>Perrhaebiam</strong></span> <span class='ocrx_word' id='word_1_59' title='bbox 1140 906 1217 966; x_wconf 91' lang='lat' dir='ltr'><strong>quo-</strong></span> 
     </span>
     <span class='ocr_line' id='line_1_8' title="bbox 235 970 1218 1056; baseline -0.007 -15"><span class='ocrx_word' id='word_1_60' title='bbox 235 995 296 1056; x_wconf 89' lang='lat' dir='ltr'><strong>que</strong></span> <span class='ocrx_word' id='word_1_61' title='bbox 315 978 347 1037; x_wconf 93' lang='lat' dir='ltr'><strong>id</strong></span> <span class='ocrx_word' id='word_1_62' title='bbox 368 980 547 1051; x_wconf 85' lang='lat' dir='ltr'><strong>pervaserat</strong></span> <span class='ocrx_word' id='word_1_63' title='bbox 566 972 689 1032; x_wconf 87' lang='lat' dir='ltr'><strong>malurn.</strong></span> <span class='ocrx_word' id='word_1_64' title='bbox 722 987 790 1032; x_wconf 90' lang='lat' dir='ltr'><strong>cum</strong></span> <span class='ocrx_word' id='word_1_65' title='bbox 803 972 970 1035; x_wconf 83' lang='lat' dir='ltr'><strong>‘Ilressalos</strong></span> <span class='ocrx_word' id='word_1_66' title='bbox 989 972 1022 1033; x_wconf 89' lang='lat' dir='ltr'><strong>in</strong></span> <span class='ocrx_word' id='word_1_67' title='bbox 1036 970 1129 1033; x_wconf 88' lang='lat' dir='ltr'><strong>armis</strong></span> <span class='ocrx_word' id='word_1_68' title='bbox 1144 989 1218 1034; x_wconf 89' lang='lat' dir='ltr'><strong>esse</strong></span> 
     </span>
     <span class='ocr_line' id='line_1_9' title="bbox 234 1055 1218 1133; baseline -0.007 -10"><span class='ocrx_word' id='word_1_69' title='bbox 234 1061 403 1123; x_wconf 88' lang='lat' dir='ltr'><strong>nuntiatum</strong></span> <span class='ocrx_word' id='word_1_70' title='bbox 417 1064 473 1132; x_wconf 73' lang='lat' dir='ltr'><strong>est,</strong></span> <span class='ocrx_word' id='word_1_71' title='bbox 487 1058 549 1132; x_wconf 79' lang='lat' dir='ltr'><strong>Ap.</strong></span> <span class='ocrx_word' id='word_1_72' title='bbox 561 1056 719 1117; x_wconf 81' lang='lat' dir='ltr'><strong>Claudium</strong></span> <span class='ocrx_word' id='word_1_73' title='bbox 732 1055 864 1132; x_wconf 79' lang='lat' dir='ltr'><strong>legatum</strong></span> <span class='ocrx_word' id='word_1_74' title='bbox 879 1057 918 1117; x_wconf 93' lang='lat' dir='ltr'><strong>ad</strong></span> <span class='ocrx_word' id='word_1_75' title='bbox 933 1072 987 1117; x_wconf 89' lang='lat' dir='ltr'><strong>eas</strong></span> <span class='ocrx_word' id='word_1_76' title='bbox 1001 1072 1053 1118; x_wconf 92' lang='lat' dir='ltr'><strong>res</strong></span> <span class='ocrx_word' id='word_1_77' title='bbox 1065 1055 1218 1133; x_wconf 87' lang='lat' dir='ltr'><strong>aspicien-</strong></span> 
     </span>
     <span class='ocr_line' id='line_1_10' title="bbox 234 1140 1217 1218; baseline -0.005 -11"><span class='ocrx_word' id='word_1_78' title='bbox 234 1146 292 1207; x_wconf 92' lang='lat' dir='ltr'><strong>das</strong></span> <span class='ocrx_word' id='word_1_79' title='bbox 307 1141 602 1218; x_wconf 87' lang='lat' dir='ltr'><strong>componendasque</strong></span> <span class='ocrx_word' id='word_1_80' title='bbox 616 1147 742 1201; x_wconf 90' lang='lat' dir='ltr'><strong>senatus</strong></span> <span class='ocrx_word' id='word_1_81' title='bbox 756 1140 846 1201; x_wconf 86' lang='lat' dir='ltr'><strong>misit.</strong></span> <span class='ocrx_word' id='word_1_82' title='bbox 879 1141 931 1216; x_wconf 91' lang='lat' dir='ltr'><strong>qui</strong></span> <span class='ocrx_word' id='word_1_83' title='bbox 944 1141 1104 1217; x_wconf 88' lang='lat' dir='ltr'><strong>utriusque</strong></span> <span class='ocrx_word' id='word_1_84' title='bbox 1119 1141 1217 1216; x_wconf 86' lang='lat' dir='ltr'><strong>partis</strong></span> 
     </span>
     <span class='ocr_line' id='line_1_11' title="bbox 234 1223 1217 1307; baseline -0.004 -18"><span class='ocrx_word' id='word_1_85' title='bbox 234 1226 425 1305; x_wconf 90' lang='lat' dir='ltr'><strong>principibus</strong></span> <span class='ocrx_word' id='word_1_86' title='bbox 440 1223 611 1300; x_wconf 79' lang='lat' dir='ltr'><strong>castigatis,</strong></span> <span class='ocrx_word' id='word_1_87' title='bbox 632 1240 701 1284; x_wconf 90' lang='lat' dir='ltr'><strong>cum</strong></span> <span class='ocrx_word' id='word_1_88' title='bbox 722 1224 833 1285; x_wconf 91' lang='lat' dir='ltr'><strong>iniusto</strong></span> <span class='ocrx_word' id='word_1_89' title='bbox 853 1225 960 1286; x_wconf 82' lang='lat' dir='ltr'><strong>tenore</strong></span> <span class='ocrx_word' id='word_1_90' title='bbox 981 1233 1139 1307; x_wconf 74' lang='lat' dir='ltr'><strong>gravatum</strong></span> <span class='ocrx_word' id='word_1_91' title='bbox 1159 1240 1217 1285; x_wconf 92' lang='lat' dir='ltr'><strong>aes</strong></span> 
     </span>
     <span class='ocr_line' id='line_1_12' title="bbox 234 1308 1218 1386; baseline -0.005 -13"><span class='ocrx_word' id='word_1_92' title='bbox 234 1314 381 1385; x_wconf 88' lang='lat' dir='ltr'><strong>alienum,</strong></span> <span class='ocrx_word' id='word_1_93' title='bbox 401 1308 478 1386; x_wconf 91' lang='lat' dir='ltr'><strong>ipsis</strong></span> <span class='ocrx_word' id='word_1_94' title='bbox 499 1324 610 1384; x_wconf 74' lang='lat' dir='ltr'><strong>magna</strong></span> <span class='ocrx_word' id='word_1_95' title='bbox 630 1324 670 1369; x_wconf 90' lang='lat' dir='ltr'><strong>ex</strong></span> <span class='ocrx_word' id='word_1_96' title='bbox 686 1314 771 1383; x_wconf 89' lang='lat' dir='ltr'><strong>parte</strong></span> <span class='ocrx_word' id='word_1_97' title='bbox 786 1308 1025 1370; x_wconf 85' lang='lat' dir='ltr'><strong>concedentibus</strong></span> <span class='ocrx_word' id='word_1_98' title='bbox 1042 1309 1093 1384; x_wconf 91' lang='lat' dir='ltr'><strong>qui</strong></span> <span class='ocrx_word' id='word_1_99' title='bbox 1108 1324 1218 1370; x_wconf 92' lang='lat' dir='ltr'><strong>onera·</strong></span> 
     </span>
     <span class='ocr_line' id='line_1_13' title="bbox 234 1390 1219 1471; baseline -0.003 -15"><span class='ocrx_word' id='word_1_100' title='bbox 234 1404 310 1471; x_wconf 91' lang='lat' dir='ltr'><strong>rant,</strong></span> <span class='ocrx_word' id='word_1_101' title='bbox 325 1397 476 1467; x_wconf 89' lang='lat' dir='ltr'><strong>levasset,</strong></span> <span class='ocrx_word' id='word_1_102' title='bbox 491 1392 563 1454; x_wconf 90' lang='lat' dir='ltr'><strong>iusti</strong></span> <span class='ocrx_word' id='word_1_103' title='bbox 578 1391 686 1452; x_wconf 87' lang='lat' dir='ltr'><strong>crediti</strong></span> <span class='ocrx_word' id='word_1_104' title='bbox 701 1392 883 1453; x_wconf 89' lang='lat' dir='ltr'><strong>solutionem</strong></span> <span class='ocrx_word' id='word_1_105' title='bbox 898 1390 929 1451; x_wconf 93' lang='lat' dir='ltr'><strong>in</strong></span> <span class='ocrx_word' id='word_1_106' title='bbox 945 1392 1052 1453; x_wconf 88' lang='lat' dir='ltr'><strong>decern</strong></span> <span class='ocrx_word' id='word_1_107' title='bbox 1066 1408 1219 1453; x_wconf 90' lang='lat' dir='ltr'><strong>annorum</strong></span> 
     </span>
     <span class='ocr_line' id='line_1_14' title="bbox 234 1475 1218 1557; baseline -0.006 -15"><span class='ocrx_word' id='word_1_108' title='bbox 234 1480 402 1557; x_wconf 83' lang='lat' dir='ltr'><strong>pensiones</strong></span> <span class='ocrx_word' id='word_1_109' title='bbox 413 1475 575 1538; x_wconf 79' lang='lat' dir='ltr'><strong>distribuit.</strong></span> <span class='ocrx_word' id='word_1_110' title='bbox 591 1492 648 1553; x_wconf 91' lang='lat' dir='ltr'><strong>per</strong></span> <span class='ocrx_word' id='word_1_111' title='bbox 659 1476 932 1552; x_wconf 77' lang='lat' dir='ltr'><strong>eundemhppium</strong></span> <span class='ocrx_word' id='word_1_112' title='bbox 943 1477 1218 1552; x_wconf 88' lang='lat' dir='ltr'><strong>eodemquemodo</strong></span> 
     </span>
     <span class='ocr_line' id='line_1_15' title="bbox 235 1560 1218 1640; baseline -0.006 -15"><span class='ocrx_word' id='word_1_113' title='bbox 235 1564 426 1640; x_wconf 87' lang='lat' dir='ltr'><strong>compositae</strong></span> <span class='ocrx_word' id='word_1_114' title='bbox 439 1562 470 1621; x_wconf 90' lang='lat' dir='ltr'><strong>in</strong></span> <span class='ocrx_word' id='word_1_115' title='bbox 483 1560 668 1621; x_wconf 86' lang='lat' dir='ltr'><strong>Perrhaebia</strong></span> <span class='ocrx_word' id='word_1_116' title='bbox 680 1576 740 1620; x_wconf 89' lang='lat' dir='ltr'><strong>res.</strong></span> <span class='ocrx_word' id='word_1_117' title='bbox 769 1561 948 1622; x_wconf 87' lang='lat' dir='ltr'><strong>Aetolorum</strong></span> <span class='ocrx_word' id='word_1_118' title='bbox 963 1575 1075 1621; x_wconf 86' lang='lat' dir='ltr'><strong>causas</strong></span> <span class='ocrx_word' id='word_1_119' title='bbox 1088 1560 1218 1620; x_wconf 87' lang='lat' dir='ltr'><strong>Marcel·</strong></span> 
     </span>
     <span class='ocr_line' id='line_1_16' title="bbox 236 1642 1219 1722; baseline -0.003 -16"><span class='ocrx_word' id='word_1_120' title='bbox 236 1651 282 1708; x_wconf 91' lang='lat' dir='ltr'><strong>lus</strong></span> <span class='ocrx_word' id='word_1_121' title='bbox 293 1647 420 1722; x_wconf 85' lang='lat' dir='ltr'><strong>Delphis</strong></span> <span class='ocrx_word' id='word_1_122' title='bbox 436 1660 492 1721; x_wconf 90' lang='lat' dir='ltr'><strong>per</strong></span> <span class='ocrx_word' id='word_1_123' title='bbox 505 1645 587 1705; x_wconf 92' lang='lat' dir='ltr'><strong>idem</strong></span> <span class='ocrx_word' id='word_1_124' title='bbox 599 1653 721 1720; x_wconf 89' lang='lat' dir='ltr'><strong>tempus</strong></span> <span class='ocrx_word' id='word_1_125' title='bbox 732 1642 893 1705; x_wconf 87' lang='lat' dir='ltr'><strong>hostilibus</strong></span> <span class='ocrx_word' id='word_1_126' title='bbox 906 1652 989 1705; x_wconf 88' lang='lat' dir='ltr'><strong>aetas</strong></span> <span class='ocrx_word' id='word_1_127' title='bbox 1003 1642 1121 1719; x_wconf 88' lang='lat' dir='ltr'><strong>animis,</strong></span> <span class='ocrx_word' id='word_1_128' title='bbox 1136 1659 1219 1720; x_wconf 89' lang='lat' dir='ltr'><strong>quus</strong></span> 
     </span>
     <span class='ocr_line' id='line_1_17' title="bbox 236 1727 1231 1803; baseline -0.004 -12"><span class='ocrx_word' id='word_1_129' title='bbox 236 1731 376 1792; x_wconf 89' lang='lat' dir='ltr'><strong>intestino</strong></span> <span class='ocrx_word' id='word_1_130' title='bbox 390 1736 553 1803; x_wconf 80' lang='lat' dir='ltr'><strong>gesserant</strong></span> <span class='ocrx_word' id='word_1_131' title='bbox 565 1728 662 1800; x_wconf 88' lang='lat' dir='ltr'><strong>bello,</strong></span> <span class='ocrx_word' id='word_1_132' title='bbox 684 1727 836 1802; x_wconf 77' lang='lat' dir='ltr'><strong>cognovit.</strong></span> <span class='ocrx_word' id='word_1_133' title='bbox 869 1744 938 1788; x_wconf 88' lang='lat' dir='ltr'><strong>oum</strong></span> <span class='ocrx_word' id='word_1_134' title='bbox 953 1733 1099 1789; x_wconf 89' lang='lat' dir='ltr'><strong>certatum</strong></span> <span class='ocrx_word' id='word_1_135' title='bbox 1113 1729 1231 1789; x_wconf 88' lang='lat' dir='ltr'><strong>utrim··</strong></span> 
     </span>
     <span class='ocr_line' id='line_1_18' title="bbox 235 1811 1218 1890; baseline -0.005 -14"><span class='ocrx_word' id='word_1_136' title='bbox 235 1830 296 1890; x_wconf 87' lang='lat' dir='ltr'><strong>que</strong></span> <span class='ocrx_word' id='word_1_137' title='bbox 316 1812 484 1875; x_wconf 89' lang='lat' dir='ltr'><strong>temeritate</strong></span> <span class='ocrx_word' id='word_1_138' title='bbox 506 1818 599 1888; x_wconf 88' lang='lat' dir='ltr'><strong>atque</strong></span> <span class='ocrx_word' id='word_1_139' title='bbox 620 1811 751 1871; x_wconf 85' lang='lat' dir='ltr'><strong>audacia</strong></span> <span class='ocrx_word' id='word_1_140' title='bbox 769 1820 921 1886; x_wconf 75' lang='lat' dir='ltr'><strong>demeret,</strong></span> <span class='ocrx_word' id='word_1_141' title='bbox 946 1812 1070 1874; x_wconf 91' lang='lat' dir='ltr'><strong>decreto</strong></span> <span class='ocrx_word' id='word_1_142' title='bbox 1093 1813 1218 1889; x_wconf 89' lang='lat' dir='ltr'><strong>quidem</strong></span> 
     </span>
     <span class='ocr_line' id='line_1_19' title="bbox 234 1896 1217 1977; baseline -0.005 -18"><span class='ocrx_word' id='word_1_143' title='bbox 234 1912 292 1959; x_wconf 91' lang='lat' dir='ltr'><strong>suo</strong></span> <span class='ocrx_word' id='word_1_144' title='bbox 313 1903 452 1977; x_wconf 81' lang='lat' dir='ltr'><strong>neutram</strong></span> <span class='ocrx_word' id='word_1_145' title='bbox 474 1902 590 1971; x_wconf 89' lang='lat' dir='ltr'><strong>partem</strong></span> <span class='ocrx_word' id='word_1_146' title='bbox 604 1901 657 1955; x_wconf 90' lang='lat' dir='ltr'><strong>aut</strong></span> <span class='ocrx_word' id='word_1_147' title='bbox 671 1897 775 1955; x_wconf 87' lang='lat' dir='ltr'><strong>levare</strong></span> <span class='ocrx_word' id='word_1_148' title='bbox 789 1904 841 1956; x_wconf 91' lang='lat' dir='ltr'><strong>aut</strong></span> <span class='ocrx_word' id='word_1_149' title='bbox 855 1911 984 1957; x_wconf 90' lang='lat' dir='ltr'><strong>onerare</strong></span> <span class='ocrx_word' id='word_1_150' title='bbox 997 1896 1108 1958; x_wconf 75' lang='lat' dir='ltr'><strong>voluit:</strong></span> <span class='ocrx_word' id='word_1_151' title='bbox 1131 1911 1217 1957; x_wconf 91' lang='lat' dir='ltr'><strong>com-</strong></span> 
     </span>
     <span class='ocr_line' id='line_1_20' title="bbox 234 1978 1219 2056; baseline -0.005 -14"><span class='ocrx_word' id='word_1_152' title='bbox 234 1981 367 2043; x_wconf 88' lang='lat' dir='ltr'><strong>muniter</strong></span> <span class='ocrx_word' id='word_1_153' title='bbox 386 1979 424 2040; x_wconf 91' lang='lat' dir='ltr'><strong>ab</strong></span> <span class='ocrx_word' id='word_1_154' title='bbox 440 1980 581 2056; x_wconf 89' lang='lat' dir='ltr'><strong>utrisque</strong></span> <span class='ocrx_word' id='word_1_155' title='bbox 596 1978 696 2054; x_wconf 89' lang='lat' dir='ltr'><strong>petiit,</strong></span> <span class='ocrx_word' id='word_1_156' title='bbox 717 1978 905 2040; x_wconf 87' lang='lat' dir='ltr'><strong>abstinerent</strong></span> <span class='ocrx_word' id='word_1_157' title='bbox 918 1979 1000 2040; x_wconf 93' lang='lat' dir='ltr'><strong>bello</strong></span> <span class='ocrx_word' id='word_1_158' title='bbox 1017 1986 1047 2040; x_wconf 92' lang='lat' dir='ltr'><strong>et</strong></span> <span class='ocrx_word' id='word_1_159' title='bbox 1061 1979 1219 2041; x_wconf 89' lang='lat' dir='ltr'><strong>oblivione</strong></span> 
     </span>
     <span class='ocr_line' id='line_1_21' title="bbox 234 2059 1218 2141; baseline -0.006 -14"><span class='ocrx_word' id='word_1_160' title='bbox 234 2062 467 2141; x_wconf 89' lang='lat' dir='ltr'><strong>praeteritorum</strong></span> <span class='ocrx_word' id='word_1_161' title='bbox 487 2063 659 2124; x_wconf 88' lang='lat' dir='ltr'><strong>discordias</strong></span> <span class='ocrx_word' id='word_1_162' title='bbox 681 2062 811 2123; x_wconf 88' lang='lat' dir='ltr'><strong>linirent.</strong></span> <span class='ocrx_word' id='word_1_163' title='bbox 846 2062 938 2123; x_wconf 92' lang='lat' dir='ltr'><strong>huius</strong></span> <span class='ocrx_word' id='word_1_164' title='bbox 957 2059 1218 2124; x_wconf 73' lang='lat' dir='ltr'><strong>reconciliationis</strong></span> 
     </span>
     <span class='ocr_line' id='line_1_22' title="bbox 232 2144 1218 2223; baseline -0.002 -14"><span class='ocrx_word' id='word_1_165' title='bbox 232 2150 311 2210; x_wconf 89' lang='lat' dir='ltr'><strong>inter</strong></span> <span class='ocrx_word' id='word_1_166' title='bbox 324 2148 412 2223; x_wconf 90' lang='lat' dir='ltr'><strong>ipsos</strong></span> <span class='ocrx_word' id='word_1_167' title='bbox 427 2147 506 2207; x_wconf 84' lang='lat' dir='ltr'><strong>tides</strong></span> <span class='ocrx_word' id='word_1_168' title='bbox 522 2144 683 2207; x_wconf 92' lang='lat' dir='ltr'><strong>obsidibus</strong></span> <span class='ocrx_word' id='word_1_169' title='bbox 694 2146 771 2207; x_wconf 91' lang='lat' dir='ltr'><strong>ultro</strong></span> <span class='ocrx_word' id='word_1_170' title='bbox 787 2147 926 2223; x_wconf 87' lang='lat' dir='ltr'><strong>citroque</strong></span> <span class='ocrx_word' id='word_1_171' title='bbox 938 2145 1018 2206; x_wconf 87' lang='lat' dir='ltr'><strong>datis</strong></span> <span class='ocrx_word' id='word_1_172' title='bbox 1029 2147 1148 2207; x_wconf 84' lang='lat' dir='ltr'><strong>firmata</strong></span> <span class='ocrx_word' id='word_1_173' title='bbox 1158 2152 1218 2207; x_wconf 72' lang='lat' dir='ltr'><strong>est</strong></span> 
     </span>
     <span class='ocr_line' id='line_1_23' title="bbox 234 2230 1218 2306; baseline -0.004 -13"><span class='ocrx_word' id='word_1_174' title='bbox 234 2231 411 2306; x_wconf 73' lang='lat' dir='ltr'><strong>Corinthus,</strong></span> <span class='ocrx_word' id='word_1_175' title='bbox 431 2238 466 2291; x_wconf 92' lang='lat' dir='ltr'><strong>ut</strong></span> <span class='ocrx_word' id='word_1_176' title='bbox 484 2230 526 2291; x_wconf 92' lang='lat' dir='ltr'><strong>ibi</strong></span> <span class='ocrx_word' id='word_1_177' title='bbox 540 2231 769 2305; x_wconf 89' lang='lat' dir='ltr'><strong>deponerentur</strong></span> <span class='ocrx_word' id='word_1_178' title='bbox 782 2231 923 2304; x_wconf 88' lang='lat' dir='ltr'><strong>obsides,</strong></span> <span class='ocrx_word' id='word_1_179' title='bbox 945 2231 1096 2292; x_wconf 86' lang='lat' dir='ltr'><strong>convenit.</strong></span> <span class='ocrx_word' id='word_1_180' title='bbox 1121 2230 1175 2290; x_wconf 87' lang='lat' dir='ltr'><strong>Vl.</strong></span> <span class='ocrx_word' id='word_1_181' title='bbox 1196 2244 1218 2289; x_wconf 89' lang='lat' dir='ltr'><strong>a</strong></span> 
     </span>
     <span class='ocr_line' id='line_1_24' title="bbox 206 2312 1218 2393; baseline -0.005 -16"><span class='ocrx_word' id='word_1_182' title='bbox 206 2360 210 2366; x_wconf 85' lang='lat'>-</span> <span class='ocrx_word' id='word_1_183' title='bbox 233 2316 360 2393; x_wconf 89' lang='lat' dir='ltr'><strong>Delphis</strong></span> <span class='ocrx_word' id='word_1_184' title='bbox 382 2323 412 2377; x_wconf 92' lang='lat' dir='ltr'><strong>et</strong></span> <span class='ocrx_word' id='word_1_185' title='bbox 425 2314 565 2375; x_wconf 86' lang='lat' dir='ltr'><strong>Aetolico</strong></span> <span class='ocrx_word' id='word_1_186' title='bbox 587 2312 718 2374; x_wconf 88' lang='lat' dir='ltr'><strong>coneilio</strong></span> <span class='ocrx_word' id='word_1_187' title='bbox 739 2315 903 2375; x_wconf 87' lang='lat' dir='ltr'><strong>Marcellus</strong></span> <span class='ocrx_word' id='word_1_188' title='bbox 924 2313 953 2373; x_wconf 93' lang='lat' dir='ltr'><strong>in</strong></span> <span class='ocrx_word' id='word_1_189' title='bbox 969 2314 1218 2390; x_wconf 85' lang='lat' dir='ltr'><strong>Peloponnesum</strong></span> 
     </span>
     <span class='ocr_line' id='line_1_25' title="bbox 232 2397 1219 2474; baseline -0.004 -13"><span class='ocrx_word' id='word_1_190' title='bbox 232 2402 359 2474; x_wconf 83' lang='lat' dir='ltr'><strong>traiecit,</strong></span> <span class='ocrx_word' id='word_1_191' title='bbox 372 2415 434 2474; x_wconf 90' lang='lat' dir='ltr'><strong>quo</strong></span> <span class='ocrx_word' id='word_1_192' title='bbox 450 2397 583 2458; x_wconf 87' lang='lat' dir='ltr'><strong>Achaeis</strong></span> <span class='ocrx_word' id='word_1_193' title='bbox 598 2397 738 2458; x_wconf 87' lang='lat' dir='ltr'><strong>edixerat</strong></span> <span class='ocrx_word' id='word_1_194' title='bbox 750 2407 944 2459; x_wconf 89' lang='lat' dir='ltr'><strong>conventum.</strong></span> <span class='ocrx_word' id='word_1_195' title='bbox 976 2399 1029 2459; x_wconf 92' lang='lat' dir='ltr'><strong>ubi</strong></span> <span class='ocrx_word' id='word_1_196' title='bbox 1044 2398 1219 2461; x_wconf 90' lang='lat' dir='ltr'><strong>collaudata</strong></span> 
     </span>
     <span class='ocr_line' id='line_1_26' title="bbox 232 2480 1220 2560; baseline 0 -15"><span class='ocrx_word' id='word_1_197' title='bbox 232 2493 323 2560; x_wconf 83' lang='lat' dir='ltr'><strong>gente</strong></span> <span class='ocrx_word' id='word_1_198' title='bbox 344 2482 429 2559; x_wconf 92' lang='lat' dir='ltr'><strong>quod</strong></span> <span class='ocrx_word' id='word_1_199' title='bbox 450 2487 626 2541; x_wconf 87' lang='lat' dir='ltr'><strong>constanter</strong></span> <span class='ocrx_word' id='word_1_200' title='bbox 645 2488 735 2540; x_wconf 86' lang='lat' dir='ltr'><strong>vetus</strong></span> <span class='ocrx_word' id='word_1_201' title='bbox 750 2480 906 2543; x_wconf 88' lang='lat' dir='ltr'><strong>decretum</strong></span> <span class='ocrx_word' id='word_1_202' title='bbox 921 2481 961 2542; x_wconf 93' lang='lat' dir='ltr'><strong>de</strong></span> <span class='ocrx_word' id='word_1_203' title='bbox 975 2483 1117 2543; x_wconf 89' lang='lat' dir='ltr'><strong>arcendis</strong></span> <span class='ocrx_word' id='word_1_204' title='bbox 1132 2482 1220 2545; x_wconf 83' lang='lat' dir='ltr'><strong>aditu</strong></span> 
     </span>
     <span class='ocr_line' id='line_1_27' title="bbox 232 2562 1217 2642; baseline -0.003 -14"><span class='ocrx_word' id='word_1_205' title='bbox 232 2569 339 2629; x_wconf 87' lang='lat' dir='ltr'><strong>finium</strong></span> <span class='ocrx_word' id='word_1_206' title='bbox 357 2563 482 2641; x_wconf 78' lang='lat' dir='ltr'><strong>regibus</strong></span> <span class='ocrx_word' id='word_1_207' title='bbox 494 2563 698 2623; x_wconf 83' lang='lat' dir='ltr'><strong>Macedonum</strong></span> <span class='ocrx_word' id='word_1_208' title='bbox 719 2562 904 2638; x_wconf 88' lang='lat' dir='ltr'><strong>tenuissent,</strong></span> <span class='ocrx_word' id='word_1_209' title='bbox 924 2567 1045 2642; x_wconf 78' lang='lat' dir='ltr'><strong>insigne</strong></span> <span class='ocrx_word' id='word_1_210' title='bbox 1065 2567 1217 2626; x_wconf 86' lang='lat' dir='ltr'><strong>adversus</strong></span> 
     </span>
     <span class='ocr_line' id='line_1_28' title="bbox 231 2646 1217 2724; baseline -0.002 -14"><span class='ocrx_word' id='word_1_211' title='bbox 231 2651 345 2710; x_wconf 89' lang='lat' dir='ltr'><strong>Persea</strong></span> <span class='ocrx_word' id='word_1_212' title='bbox 360 2648 463 2707; x_wconf 89' lang='lat' dir='ltr'><strong>odium</strong></span> <span class='ocrx_word' id='word_1_213' title='bbox 477 2648 685 2707; x_wconf 88' lang='lat' dir='ltr'><strong>Romanorum</strong></span> <span class='ocrx_word' id='word_1_214' title='bbox 701 2646 787 2718; x_wconf 83' lang='lat' dir='ltr'><strong>leait;</strong></span> <span class='ocrx_word' id='word_1_215' title='bbox 811 2650 895 2724; x_wconf 91' lang='lat' dir='ltr'><strong>quod</strong></span> <span class='ocrx_word' id='word_1_216' title='bbox 908 2655 942 2710; x_wconf 94' lang='lat' dir='ltr'><strong>ut</strong></span> <span class='ocrx_word' id='word_1_217' title='bbox 955 2650 1102 2711; x_wconf 88' lang='lat' dir='ltr'><strong>maturius</strong></span> <span class='ocrx_word' id='word_1_218' title='bbox 1117 2665 1217 2709; x_wconf 89' lang='lat' dir='ltr'><strong>erum-</strong></span> 
     </span>
     <span class='ocr_line' id='line_1_29' title="bbox 232 2730 1218 2809; baseline -0.001 -15"><span class='ocrx_word' id='word_1_219' title='bbox 232 2739 334 2809; x_wconf 89' lang='lat' dir='ltr'><strong>peret,</strong></span> <span class='ocrx_word' id='word_1_220' title='bbox 354 2730 507 2791; x_wconf 83' lang='lat' dir='ltr'><strong>Eumenes</strong></span> <span class='ocrx_word' id='word_1_221' title='bbox 527 2746 584 2790; x_wconf 86' lang='lat' dir='ltr'><strong>rex</strong></span> <span class='ocrx_word' id='word_1_222' title='bbox 604 2732 854 2793; x_wconf 88' lang='lat' dir='ltr'><strong>commentarium</strong></span> <span class='ocrx_word' id='word_1_223' title='bbox 869 2733 972 2794; x_wconf 87' lang='lat' dir='ltr'><strong>lerens</strong></span> <span class='ocrx_word' id='word_1_224' title='bbox 988 2751 1109 2808; x_wconf 87' lang='lat' dir='ltr'><strong>secum,</strong></span> <span class='ocrx_word' id='word_1_225' title='bbox 1131 2733 1218 2809; x_wconf 90' lang='lat' dir='ltr'><strong>quod</strong></span> 
     </span>
     <span class='ocr_line' id='line_1_30' title="bbox 232 2814 1216 2892; baseline 0 -17"><span class='ocrx_word' id='word_1_226' title='bbox 232 2816 272 2876; x_wconf 89' lang='lat' dir='ltr'><strong>de</strong></span> <span class='ocrx_word' id='word_1_227' title='bbox 286 2814 485 2891; x_wconf 88' lang='lat' dir='ltr'><strong>apparatibus</strong></span> <span class='ocrx_word' id='word_1_228' title='bbox 498 2814 571 2875; x_wconf 90' lang='lat' dir='ltr'><strong>belli</strong></span> <span class='ocrx_word' id='word_1_229' title='bbox 586 2815 689 2876; x_wconf 88' lang='lat' dir='ltr'><strong>omnia</strong></span> <span class='ocrx_word' id='word_1_230' title='bbox 702 2814 858 2892; x_wconf 89' lang='lat' dir='ltr'><strong>inquirens</strong></span> <span class='ocrx_word' id='word_1_231' title='bbox 873 2818 1002 2892; x_wconf 84' lang='lat' dir='ltr'><strong>lecerat,</strong></span> <span class='ocrx_word' id='word_1_232' title='bbox 1021 2818 1149 2880; x_wconf 87' lang='lat' dir='ltr'><strong>Romam</strong></span> <span class='ocrx_word' id='word_1_233' title='bbox 1164 2832 1216 2876; x_wconf 88' lang='lat' dir='ltr'><strong>ve·</strong></span> 
     </span>
     <span class='ocr_line' id='line_1_31' title="bbox 231 2899 1217 2977; baseline 0 -17"><span class='ocrx_word' id='word_1_234' title='bbox 231 2899 284 2960; x_wconf 90' lang='lat' dir='ltr'><strong>nit.</strong></span> <span class='ocrx_word' id='word_1_235' title='bbox 306 2915 363 2975; x_wconf 88' lang='lat' dir='ltr'><strong>per</strong></span> <span class='ocrx_word' id='word_1_236' title='bbox 376 2899 457 2959; x_wconf 87' lang='lat' dir='ltr'><strong>idem</strong></span> <span class='ocrx_word' id='word_1_237' title='bbox 471 2905 592 2975; x_wconf 85' lang='lat' dir='ltr'><strong>tempus</strong></span> <span class='ocrx_word' id='word_1_238' title='bbox 609 2901 747 2976; x_wconf 88' lang='lat' dir='ltr'><strong>quinque</strong></span> <span class='ocrx_word' id='word_1_239' title='bbox 760 2901 852 2976; x_wconf 82' lang='lat' dir='ltr'><strong>legati</strong></span> <span class='ocrx_word' id='word_1_240' title='bbox 867 2901 907 2961; x_wconf 86' lang='lat' dir='ltr'><strong>ad</strong></span> <span class='ocrx_word' id='word_1_241' title='bbox 922 2917 1027 2976; x_wconf 79' lang='lat' dir='ltr'><strong>regern</strong></span> <span class='ocrx_word' id='word_1_242' title='bbox 1042 2901 1143 2975; x_wconf 86' lang='lat' dir='ltr'><strong>missi,</strong></span> <span class='ocrx_word' id='word_1_243' title='bbox 1162 2899 1217 2977; x_wconf 88' lang='lat' dir='ltr'><strong>qui</strong></span> 
     </span>
     <span class='ocr_line' id='line_1_32' title="bbox 231 2981 1216 3060; baseline 0.001 -16"><span class='ocrx_word' id='word_1_244' title='bbox 231 2999 281 3044; x_wconf 78' lang='lat' dir='ltr'><strong>res</strong></span> <span class='ocrx_word' id='word_1_245' title='bbox 297 2981 328 3043; x_wconf 89' lang='lat' dir='ltr'><strong>in</strong></span> <span class='ocrx_word' id='word_1_246' title='bbox 344 2981 526 3044; x_wconf 87' lang='lat' dir='ltr'><strong>Macedonia</strong></span> <span class='ocrx_word' id='word_1_247' title='bbox 540 2984 725 3060; x_wconf 86' lang='lat' dir='ltr'><strong>aspicerent.</strong></span> <span class='ocrx_word' id='word_1_248' title='bbox 747 2984 974 3045; x_wconf 85' lang='lat' dir='ltr'><strong>Alexandream</strong></span> <span class='ocrx_word' id='word_1_249' title='bbox 988 2984 1079 3045; x_wconf 88' lang='lat' dir='ltr'><strong>iidem</strong></span> <span class='ocrx_word' id='word_1_250' title='bbox 1094 2984 1135 3045; x_wconf 85' lang='lat' dir='ltr'><strong>ad</strong></span> <span class='ocrx_word' id='word_1_251' title='bbox 1145 2983 1216 3045; x_wconf 88' lang='lat' dir='ltr'><strong>Pto-</strong></span> 
     </span>
     <span class='ocr_line' id='line_1_33' title="bbox 231 3067 1215 3145; baseline -0.002 -17"><span class='ocrx_word' id='word_1_252' title='bbox 231 3068 381 3128; x_wconf 89' lang='lat' dir='ltr'><strong>lemaeum</strong></span> <span class='ocrx_word' id='word_1_253' title='bbox 400 3067 599 3129; x_wconf 88' lang='lat' dir='ltr'><strong>renovandae</strong></span> <span class='ocrx_word' id='word_1_254' title='bbox 619 3067 768 3128; x_wconf 89' lang='lat' dir='ltr'><strong>amicitiae</strong></span> <span class='ocrx_word' id='word_1_255' title='bbox 783 3084 877 3129; x_wconf 90' lang='lat' dir='ltr'><strong>causa</strong></span> <span class='ocrx_word' id='word_1_256' title='bbox 892 3069 1047 3145; x_wconf 86' lang='lat' dir='ltr'><strong>proficisci</strong></span> <span class='ocrx_word' id='word_1_257' title='bbox 1062 3068 1148 3131; x_wconf 85' lang='lat' dir='ltr'><strong>iussi.</strong></span> <span class='ocrx_word' id='word_1_258' title='bbox 1170 3068 1215 3127; x_wconf 94' lang='lat' dir='ltr'><strong>le-</strong></span> 
     </span>
     <span class='ocr_line' id='line_1_34' title="bbox 230 3150 1217 3229; baseline 0 -18"><span class='ocrx_word' id='word_1_259' title='bbox 230 3151 293 3226; x_wconf 82' lang='lat' dir='ltr'><strong>gati</strong></span> <span class='ocrx_word' id='word_1_260' title='bbox 313 3156 399 3211; x_wconf 88' lang='lat' dir='ltr'><strong>erant</strong></span> <span class='ocrx_word' id='word_1_261' title='bbox 419 3150 465 3210; x_wconf 82' lang='lat' dir='ltr'><strong>hi=</strong></span> <span class='ocrx_word' id='word_1_262' title='bbox 494 3151 526 3212; x_wconf 79' lang='lat' dir='ltr'><strong>C.</strong></span> <span class='ocrx_word' id='word_1_263' title='bbox 540 3152 684 3213; x_wconf 92' lang='lat' dir='ltr'><strong>Valerius</strong></span> <span class='ocrx_word' id='word_1_264' title='bbox 700 3152 753 3213; x_wconf 79' lang='lat' dir='ltr'><strong>Cn.</strong></span> <span class='ocrx_word' id='word_1_265' title='bbox 767 3152 904 3214; x_wconf 87' lang='lat' dir='ltr'><strong>Lutatius</strong></span> <span class='ocrx_word' id='word_1_266' title='bbox 920 3152 1016 3214; x_wconf 87' lang='lat' dir='ltr'><strong>Cerco</strong></span> <span class='ocrx_word' id='word_1_267' title='bbox 1032 3153 1066 3229; x_wconf 82' lang='lat' dir='ltr'><strong>Q.</strong></span> <span class='ocrx_word' id='word_1_268' title='bbox 1081 3151 1217 3214; x_wconf 90' lang='lat' dir='ltr'><strong>Baebius</strong></span> 
     </span>
     <span class='ocr_line' id='line_1_35' title="bbox 232 3233 1217 3298; baseline 0.001 -3"><span class='ocrx_word' id='word_1_269' title='bbox 232 3234 325 3298; x_wconf 89' lang='lat' dir='ltr'><strong>Sulca</strong></span> <span class='ocrx_word' id='word_1_270' title='bbox 338 3233 379 3295; x_wconf 89' lang='grc' dir='ltr'><strong>Μ.</strong></span> <span class='ocrx_word' id='word_1_271' title='bbox 395 3233 553 3295; x_wconf 81' lang='lat' dir='ltr'><strong>cornelius</strong></span> <span class='ocrx_word' id='word_1_272' title='bbox 567 3235 733 3296; x_wconf 86' lang='lat' dir='ltr'><strong>Mammula</strong></span> <span class='ocrx_word' id='word_1_273' title='bbox 753 3234 793 3295; x_wconf 92' lang='lat' dir='ltr'><strong>M.</strong></span> <span class='ocrx_word' id='word_1_274' title='bbox 809 3235 958 3298; x_wconf 81' lang='lat' dir='ltr'><strong>Caecilius</strong></span> <span class='ocrx_word' id='word_1_275' title='bbox 973 3236 1095 3298; x_wconf 88' lang='lat' dir='ltr'><strong>Denter.</strong></span> <span class='ocrx_word' id='word_1_276' title='bbox 1127 3243 1158 3297; x_wconf 89' lang='lat' dir='ltr'><strong>et</strong></span> <span class='ocrx_word' id='word_1_277' title='bbox 1176 3234 1217 3296; x_wconf 93' lang='lat' dir='ltr'><strong>ab</strong></span> 
     </span>
     <span class='ocr_line' id='line_1_36' title="bbox 229 3319 1217 3398; baseline 0 -18"><span class='ocrx_word' id='word_1_278' title='bbox 229 3319 382 3382; x_wconf 78' lang='lat' dir='ltr'><strong>Antiocho</strong></span> <span class='ocrx_word' id='word_1_279' title='bbox 397 3332 471 3393; x_wconf 82' lang='lat' dir='ltr'><strong>rege</strong></span> <span class='ocrx_word' id='word_1_280' title='bbox 486 3319 544 3378; x_wconf 89' lang='lat' dir='ltr'><strong>suh</strong></span> <span class='ocrx_word' id='word_1_281' title='bbox 558 3319 639 3379; x_wconf 91' lang='lat' dir='ltr'><strong>idem</strong></span> <span class='ocrx_word' id='word_1_282' title='bbox 654 3327 776 3395; x_wconf 89' lang='lat' dir='ltr'><strong>tempus</strong></span> <span class='ocrx_word' id='word_1_283' title='bbox 790 3319 882 3395; x_wconf 84' lang='lat' dir='ltr'><strong>legati</strong></span> <span class='ocrx_word' id='word_1_284' title='bbox 894 3328 1059 3392; x_wconf 62' lang='lat' dir='ltr'><strong>venereum</strong></span> <span class='ocrx_word' id='word_1_285' title='bbox 1084 3335 1217 3398; x_wconf 89' lang='lat' dir='ltr'><strong>quorum</strong></span> 
     </span>
     <span class='ocr_line' id='line_1_37' title="bbox 230 3401 1216 3480; baseline -0.003 -14"><span class='ocrx_word' id='word_1_286' title='bbox 230 3406 375 3480; x_wconf 92' lang='lat' dir='ltr'><strong>princeps</strong></span> <span class='ocrx_word' id='word_1_287' title='bbox 390 3402 575 3477; x_wconf 86' lang='lat' dir='ltr'><strong>Apollonius</strong></span> <span class='ocrx_word' id='word_1_288' title='bbox 589 3401 620 3461; x_wconf 90' lang='lat' dir='ltr'><strong>in</strong></span> <span class='ocrx_word' id='word_1_289' title='bbox 635 3410 774 3463; x_wconf 85' lang='lat' dir='ltr'><strong>senatum</strong></span> <span class='ocrx_word' id='word_1_290' title='bbox 789 3403 978 3466; x_wconf 86' lang='lat' dir='ltr'><strong>introductus</strong></span> <span class='ocrx_word' id='word_1_291' title='bbox 994 3404 1096 3466; x_wconf 89' lang='lat' dir='ltr'><strong>multis</strong></span> <span class='ocrx_word' id='word_1_292' title='bbox 1110 3402 1216 3465; x_wconf 89' lang='lat' dir='ltr'><strong>iustis-</strong></span> 
     </span>
     <span class='ocr_line' id='line_1_38' title="bbox 230 3486 1214 3567; baseline -0.001 -17"><span class='ocrx_word' id='word_1_293' title='bbox 230 3504 291 3562; x_wconf 86' lang='lat' dir='ltr'><strong>que</strong></span> <span class='ocrx_word' id='word_1_294' title='bbox 303 3486 406 3550; x_wconf 86' lang='lat' dir='ltr'><strong>aausis</strong></span> <span class='ocrx_word' id='word_1_295' title='bbox 417 3501 522 3561; x_wconf 81' lang='lat' dir='ltr'><strong>regem</strong></span> <span class='ocrx_word' id='word_1_296' title='bbox 532 3487 701 3560; x_wconf 73' lang='lat' dir='ltr'><strong>excusavit,</strong></span> <span class='ocrx_word' id='word_1_297' title='bbox 718 3487 802 3562; x_wconf 89' lang='lat' dir='ltr'><strong>quod</strong></span> <span class='ocrx_word' id='word_1_298' title='bbox 814 3487 997 3563; x_wconf 92' lang='lat' dir='ltr'><strong>stipendium</strong></span> <span class='ocrx_word' id='word_1_299' title='bbox 1008 3490 1109 3549; x_wconf 92' lang='lat' dir='ltr'><strong>serius</strong></span> <span class='ocrx_word' id='word_1_300' title='bbox 1121 3503 1214 3567; x_wconf 73' lang='lat' dir='ltr'><strong>quam</strong></span> 
     </span>
     <span class='ocr_line' id='line_1_39' title="bbox 229 3569 1216 3648; baseline 0.001 -19"><span class='ocrx_word' id='word_1_301' title='bbox 229 3572 268 3630; x_wconf 87' lang='lat' dir='ltr'><strong>ad</strong></span> <span class='ocrx_word' id='word_1_302' title='bbox 284 3572 364 3633; x_wconf 90' lang='lat' dir='ltr'><strong>diem</strong></span> <span class='ocrx_word' id='word_1_303' title='bbox 385 3576 570 3646; x_wconf 74' lang='lat' dir='ltr'><strong>praestaret:</strong></span> <span class='ocrx_word' id='word_1_304' title='bbox 595 3569 627 3630; x_wconf 91' lang='lat' dir='ltr'><strong>id</strong></span> <span class='ocrx_word' id='word_1_305' title='bbox 641 3586 677 3630; x_wconf 88' lang='lat' dir='ltr'><strong>se</strong></span> <span class='ocrx_word' id='word_1_306' title='bbox 692 3585 782 3630; x_wconf 89' lang='lat' dir='ltr'><strong>omne</strong></span> <span class='ocrx_word' id='word_1_307' title='bbox 796 3570 976 3648; x_wconf 87' lang='lat' dir='ltr'><strong>advexisse,</strong></span> <span class='ocrx_word' id='word_1_308' title='bbox 997 3588 1037 3632; x_wconf 90' lang='lat' dir='ltr'><strong>ne</strong></span> <span class='ocrx_word' id='word_1_309' title='bbox 1051 3572 1138 3633; x_wconf 85' lang='lat' dir='ltr'><strong>cuius</strong></span> <span class='ocrx_word' id='word_1_310' title='bbox 1154 3569 1216 3631; x_wconf 90' lang='lat' dir='ltr'><strong>nisi</strong></span> 
     </span>
    </p>
   </div>
   <div class='ocr_carea' id='block_1_3' title="bbox 0 0 1326 4017">
    <p class='ocr_par' dir='ltr' id='par_1_3' title="bbox 0 0 1326 4017">
     <span class='ocr_line' id='line_1_40' title="bbox 0 0 1326 4017; baseline 0 1"><span class='ocrx_word' id='word_1_311' title='bbox 0 0 1326 4017; x_wconf 95' lang='lat' dir='ltr'><strong> </strong></span> 
     </span>
    </p>
   </div>
  </div>
 </body>
</html>
