2642 4017
328 256 531 319 liltbltxll.
555 255 934 335 GAP.11.1a.[a.c.1tr]
1061 256 1123 322 ili

135 407 276 484 intendit,
290 421 474 480 amnemque
488 403 756 481 praeterfluentem
771 406 902 480 moenia,
920 408 972 482 qui
986 416 1017 470 et
1028 408 1124 485 impe·

134 493 270 552 dlmento
292 488 542 566 oppugnantibus
564 494 629 548 erat
648 495 680 549 et
698 489 894 564 aquationem
908 490 1021 552 Histris
1035 508 1123 567 prae

133 575 235 648 bebai,
250 575 412 633 multorum
425 572 543 632 dicrum
558 587 653 647 opere
665 581 828 648 exceptum
839 589 921 635 novo
934 576 1023 636 alveo
1037 591 1123 636 aver·

135 659 177 719 lit.
199 674 236 719 eo
251 673 303 716 res
313 655 465 717 barbaros
476 656 622 717 miraculo
634 656 741 718 terruit
751 656 893 718 abscisae
904 674 1022 733 aquam
1044 665 1124 719 etna

133 748 198 803 tum
215 739 338 816 quidem
352 755 505 800 memores
519 739 617 816 pacis,
633 739 664 799 in
679 740 806 801 caedem
821 741 986 816 coniugum
1001 757 1038 803 ac
1050 741 1123 802 libe-

132 841 239 885 rorum
258 823 358 898 versi,
384 822 475 884 etiarn
499 831 532 885 ut
554 827 732 898 spectaculo
753 823 895 886 hostibus
916 832 977 886 lam
998 826 1123 888 loedum

133 909 255 969 lacinus
277 914 376 981 esset,
397 909 499 984 palam
520 908 550 966 in
570 909 666 969 muris
687 907 857 971 trucidatos
871 908 1122 985 praecipitabant

133 992 214 1053 inter
227 991 318 1053 simul
333 990 606 1066 complorationem
621 992 801 1052 laminarum
814 1007 1058 1070 puerorumque,
1081 995 1123 1056 si·

134 1077 197 1137 mul
219 1074 384 1136 nefandam
405 1076 547 1149 caedem,
569 1076 679 1136 milites
699 1077 884 1152 transgressi
902 1093 1020 1139 murum
1035 1078 1124 1155 oppi·
1229 1119 1233 1127 .

135 1161 209 1221 dum
234 1158 392 1221 intrarunt.
424 1162 512 1220 ouius
533 1159 613 1236 capti
634 1160 792 1221 tumultum
812 1167 846 1220 ut
866 1176 905 1220 ex
927 1160 1041 1237 pavido
1063 1163 1124 1223 cla·

133 1259 220 1304 more
234 1242 411 1318 iugiemium
426 1241 546 1319 accepit
559 1260 631 1318 rex,
648 1243 766 1304 traiecit
780 1244 861 1305 lerro
875 1251 1001 1321 peetus,
1023 1261 1062 1306 ne
1076 1245 1122 1305 vi·

133 1344 194 1388 vus
209 1334 387 1403 caperetur=
409 1328 501 1389 ceteri
515 1327 595 1403 capti
607 1334 658 1386 aut
669 1326 774 1389 occisi.
798 1328 860 1389 duo
873 1328 986 1388 deinde
998 1327 1123 1404 oppidu,

132 1412 240 1472 Mutila
254 1417 285 1472 et
297 1410 435 1484 Faveria
451 1410 483 1472 vi
498 1417 587 1487 capta
602 1418 634 1473 et
651 1410 760 1471 deleta.
792 1412 924 1486 praeda,
938 1418 974 1472 ut
988 1411 1017 1471 in
1033 1418 1124 1487 gente

133 1494 236 1571 inopi,
263 1509 320 1571 spe
340 1495 438 1556 maior
451 1496 521 1569 luit,
549 1504 578 1557 et
598 1495 698 1556 omnis
723 1495 869 1556 militibus
891 1509 1043 1557 concessa
1067 1502 1124 1556 est

136 1581 274 1656 quinque
293 1577 376 1640 milia
397 1580 530 1655 capitum
552 1586 700 1639 sexcenta
719 1577 841 1653 triginta
859 1578 919 1639 duo
936 1579 994 1640 sub
1010 1594 1125 1640 corona

135 1663 305 1724 venierunt.
334 1671 477 1725 auctores
498 1664 570 1724 belli
589 1663 685 1737 virgis
705 1659 789 1722 caesi
810 1667 841 1722 et
855 1662 957 1723 securi
972 1663 1124 1739 percussi.

134 1746 249 1807 Histria
263 1754 327 1807 tota
339 1747 429 1808 trium
444 1747 626 1824 oppidorum
639 1744 761 1806 excidio
773 1752 804 1805 el
813 1753 910 1807 morte
920 1748 1002 1823 regis
1015 1756 1125 1824 pacata

136 1838 199 1902 est;
221 1847 391 1905 omnesque
410 1832 548 1906 undique
569 1830 676 1905 populi
702 1828 863 1891 obsidibus
885 1831 964 1892 datis
984 1833 1014 1892 in
1030 1832 1124 1893 dicio-

138 1931 206 1975 nem
221 1922 381 1976 venerunt.

225 1998 289 2059 Sub
299 1998 422 2059 Histrici
434 1999 526 2060 linem
537 1997 610 2059 belli
619 2000 705 2076 apud
712 1999 840 2074 Ligures
853 1998 982 2059 concilia
993 1999 1032 2059 de
1043 1999 1124 2060 bello

135 2082 243 2144 haberi
264 2089 384 2159 coepta.
413 2083 477 2142 XII.
498 2081 542 2144 Ti.
560 2083 706 2145 claudius
727 2083 910 2160 proconsul,
934 2082 987 2156 qui
1002 2089 1126 2159 praetor

136 2167 239 2243 priore
264 2183 345 2227 anno
372 2168 483 2239 luerat,
511 2183 579 2227 cum
604 2167 760 2243 praesidio
781 2167 913 2242 legionis
932 2163 1024 2227 unius
1045 2164 1124 2228 Pisis

137 2258 289 2327 praeerat.
322 2249 410 2312 cuius
430 2250 536 2311 litteris
560 2258 686 2313 senalus
709 2251 819 2312 certior
841 2251 939 2310 lactus
962 2265 1017 2310 eas
1037 2249 1123 2327 ipsas

137 2336 254 2397 litteras
269 2332 309 2394 ad
326 2335 357 2396 C.
374 2333 532 2396 Claudium
545 2368 589 2380 —
603 2352 673 2396 nam
688 2335 764 2397 alter
777 2334 887 2395 consul
901 2333 961 2394 iam
975 2335 1005 2394 in
1021 2332 1124 2394 Sardi·

137 2418 219 2479 niam
236 2419 396 2480 traiecerat
409 2452 453 2465 -
464 2418 650 2480 deferendas
665 2426 785 2495 censet,
807 2426 839 2480 et
852 2418 945 2478 adicit
959 2418 1124 2495 decretum,

138 2503 283 2580 quoniam
296 2502 411 2564 Histria
425 2504 585 2578 provincia
599 2504 740 2565 coniecta
754 2511 852 2578 esset,
874 2501 901 2563 si
916 2503 944 2562 ei
958 2500 1123 2576 videretur,

136 2587 305 2648 exercitum
318 2586 493 2648 traduceret
503 2587 533 2648 in
542 2587 680 2663 Ligures.
701 2588 791 2649 simul
806 2603 846 2648 ex
858 2587 964 2648 litteris
976 2586 1123 2662 consulis,

138 2687 219 2747 quas
235 2670 380 2731 derebus
398 2671 427 2731 in
439 2670 553 2731 Histria
566 2671 662 2746 gestis
679 2671 854 2748 scripserat„
870 2672 900 2731 in
914 2669 1040 2732 biduum
1051 2687 1124 2747 sup-

137 2753 262 2830 plicatio
285 2755 418 2816 decreta.
448 2762 479 2815 et
499 2755 538 2815 ab
558 2756 654 2817 altero
677 2756 806 2817 consule
824 2756 868 2816 Ti.
887 2754 1070 2830 Sempronio
1093 2755 1123 2816 in

138 2838 280 2899 Sardinia
299 2854 451 2915 prospere
464 2855 516 2900 res
536 2846 633 2914 gesta.
662 2839 828 2901 exercitum
843 2839 874 2897 in
889 2854 995 2913 agrum
1011 2837 1125 2900 Sardo

136 2937 206 2982 rum
220 2923 375 2983 Iliensium
395 2923 530 2984 induxitz
552 2924 731 2983 Balarorum
755 2938 866 2998 magna
880 2920 993 2982 auxilia
1007 2922 1124 2984 iliensi-

135 3006 196 3066 bus
210 3013 372 3068 venerantz
395 3021 463 3067 oum
478 3013 610 3082 utraque
624 3014 716 3084 gente
730 3006 828 3082 signis
844 3005 962 3066 collatis
977 3005 1123 3068 condixit.

22 3162 26 3169 p
52 3088 54 3093 ’
136 3090 199 3151 iusi
221 3090 378 3165 rogatique
398 3089 521 3162 hostes,
544 3091 717 3166 castrisque
737 3090 836 3165 exuti,
858 3090 1020 3150 duodecim
1042 3090 1124 3150 milia

136 3180 324 3235 armatorum
345 3189 446 3234 caesa.
476 3181 602 3250 postero
623 3176 673 3236 die
688 3191 771 3235 arma
786 3176 865 3236 lecta
880 3172 979 3236 conici
993 3175 1023 3235 in
1039 3190 1124 3234 acer-

135 3275 208 3319 vum
222 3257 313 3318 iussit
325 3259 443 3333 consul,
460 3275 644 3334 sacmmque
655 3258 686 3319 id
697 3259 837 3319 Vulcano
850 3259 1004 3323 cremavit.
1027 3258 1123 3317 viclo-

137 3357 202 3401 rem
223 3342 391 3403 exercitum
412 3341 443 3402 in
464 3343 591 3404 hiberna
618 3341 771 3405 sociarum
791 3342 911 3404 urbium
930 3339 1062 3402 reduxit.
1095 3346 1124 3399 et

138 3426 171 3486 C.
187 3425 330 3487 Claudius
347 3425 452 3487 litteris
467 3426 510 3486 Ti.
523 3428 639 3490 Claudii
653 3434 684 3487 et
698 3434 823 3489 senatus
839 3427 980 3488 consulto
995 3428 1123 3496 accepto

137 3525 178 3568 ex
192 3509 305 3570 Histria
323 3510 461 3584 legiones
475 3511 504 3570 in
520 3511 646 3586 Ligures
660 3508 841 3573 transduxit.
870 3508 910 3569 ad
928 3506 1123 3566 Scultennam

183 3609 210 3650 r.
226 3609 288 3650 nrvr
302 3609 379 3652 enas
393 3595 431 3651 V.
897 3598 916 3651 8
