2642 4017
247 236 290 300 84
425 235 540 296 LIBER
553 234 614 295 XL.
636 233 720 294 CAP.
733 242 779 296 llo.
790 241 834 297 ³6.
855 239 894 307 [a.
904 237 940 292 U.
951 256 976 292 c.
987 240 1051 307 ola]

248 395 301 449 aut
315 386 476 447 adfirmare
489 384 580 446 nobis
595 393 693 462 potes,
711 392 742 446 et
754 384 929 447 habendum
943 384 1004 446 illic
1018 385 1124 460 utique
1138 345 1223 447 exer-

249 471 339 533 citum
360 483 487 543 censes,
507 477 607 530 utrum
625 468 749 530 tandem
770 474 877 531 auctor
897 467 1016 529 senatui
1038 468 1082 530 sis
1102 471 1223 545 supple

247 561 382 616 mentum
395 552 426 614 in
437 552 617 628 Hispaniam
630 551 775 624 mittendi,
790 558 825 614 ut
838 550 858 612 ii
872 553 965 614 modo
981 550 1093 627 quibus
1104 553 1225 614 emerita

248 636 401 714 stipendia
414 637 476 699 sint
489 634 600 697 milites
614 635 808 710 dimittantur,
829 636 983 697 veteribus
997 635 1141 698 militibus
1150 636 1225 717 tiro·

247 738 304 783 nes
318 721 558 794 immisceantur,
579 735 619 779 an
634 717 775 780 deductis
789 718 829 779 de
842 717 1001 794 provincia
1014 720 1170 783 veteribus
1184 721 1223 780 le

246 804 391 882 gionibus
402 820 501 865 novas
514 801 729 865 conscribendi
739 808 771 864 et
780 800 926 879 mittendi,
941 818 1010 864 cum
1020 810 1225 880 contemptum

246 889 418 950 tirocinium
437 886 529 948 etiam
547 885 685 948 mitiores
704 885 854 947 barbaros
871 886 1007 947 excitare
1019 886 1061 948 od
1074 886 1223 949 rebellan-

247 973 321 1034 dum
341 971 464 1046 possitt
485 969 569 1031 dictu
587 985 682 1046 quam
701 984 736 1030 re
753 968 874 1031 facilius
887 969 927 1032 sit
939 969 1130 1046 provinciam
1144 973 1224 1048 inge

248 1057 299 1117 nio
321 1056 471 1127 ferocem,
494 1053 716 1115 rebellatricem
730 1051 913 1115 coniecisse.
943 1068 1063 1129 paucae
1078 1053 1224 1127 civitates,

245 1146 280 1200 ut
292 1138 417 1213 quidem
432 1153 490 1213 ego
505 1136 608 1211 audio,
623 1151 702 1212 quas
715 1135 818 1197 vicina
827 1136 959 1201 maxime
968 1135 1097 1199 hiberna
1107 1153 1225 1215 preme
1302 1202 1303 1221 ,

247 1222 333 1294 bant,
359 1220 391 1282 in
411 1221 460 1282 ius
481 1221 696 1296 dicionemque
715 1227 880 1291 venerante
906 1218 1068 1283 ulteriores
1088 1222 1119 1283 in
1133 1221 1225 1282 armis
1302 1234 1303 1249 t

245 1312 325 1367 sunt.
354 1319 523 1380 quaecum
543 1302 587 1364 ita
606 1305 681 1377 siut,
704 1318 763 1379 ego
779 1304 840 1364 iam
853 1304 925 1366 hinc
938 1305 1101 1381 praedico,
1121 1312 1226 1381 patres

245 1389 427 1465 conscripti,
448 1402 498 1448 me
518 1387 655 1449 exercitu
668 1402 722 1460 eo,
747 1387 800 1463 qui
813 1404 897 1450 nunc
911 1396 973 1460 est,
992 1388 1226 1465 rempublicam

245 1471 539 1535 administraturum
558 1471 586 1532 si
597 1471 730 1533 deducat
739 1487 845 1532 secum
855 1471 984 1533 Flaccus
995 1471 1144 1548 legiones,
1158 1474 1226 1534 loca

243 1565 355 1632 pacata
368 1572 417 1618 me
431 1556 472 1617 ad
483 1553 683 1616 hibernacula
693 1557 850 1629 lecturum,
865 1570 967 1631 neque
977 1572 1091 1618 novum
1103 1557 1226 1619 militem

244 1640 437 1701 ferocissimo
455 1639 538 1700 hosti
558 1638 776 1701 obiecturum.“
810 1638 944 1701 XXXVI.
976 1640 1096 1715 lagatus
1118 1642 1159 1702 ad
1180 1657 1225 1716 ea,

245 1738 326 1797 quae
342 1723 544 1799 interrogatus
558 1728 638 1798 erat,
659 1721 823 1799 respondit
835 1737 938 1800 neque
952 1739 987 1784 sa
1001 1739 1104 1799 neque
1119 1741 1224 1801 quem·

245 1822 337 1882 quam
351 1804 443 1867 alium
453 1805 594 1867 divinare
607 1822 714 1881 posse,
729 1806 803 1883 quid
819 1807 851 1868 in
864 1806 965 1869 animo
977 1806 1117 1869 Celtiberi
1131 1807 1225 1869 habe·

244 1897 314 1951 rent
333 1898 386 1952 aut
399 1905 494 1965 porro
508 1889 640 1950 habituri
653 1896 769 1952 esseut.
797 1890 901 1968 itaque
915 1905 1028 1966 negare
1043 1907 1104 1952 non
1119 1907 1226 1967 posse,

247 1974 320 2050 quin
335 1974 447 2036 rectius
463 1973 606 2035 sitellam
619 1972 660 2033 ad
674 1981 802 2048 pacatos
816 1973 982 2049 barbaros,
997 1974 1135 2042 nondum
1150 1976 1226 2038 satis

244 2058 390 2120 adsuetos
405 2056 549 2133 imperio,
564 2057 730 2118 exercitum
744 2057 828 2119 mitti.
856 2073 939 2118 novo
952 2063 1054 2119 autem
1068 2074 1107 2119 an
1122 2067 1227 2122 vetere

243 2143 381 2203 exercitu
400 2158 480 2218 opus
501 2139 556 2214 sit,
576 2139 644 2200 eius
658 2155 732 2201 esse
746 2141 850 2203 dicere
865 2139 917 2216 qui
932 2140 1012 2202 scire
1026 2143 1141 2218 possit,
1165 2159 1227 2221 qua

243 2224 306 2286 lidc
320 2226 460 2289 celtiberi
480 2226 511 2286 in
527 2239 607 2300 pace
620 2224 756 2286 mansuri
771 2225 847 2300 sint,
869 2224 958 2285 simul
972 2226 1068 2301 etqui
1082 2226 1158 2287 illud
1173 2244 1225 2288 ex-

243 2309 396 2385 ploratum
408 2309 529 2384 habeat,
545 2309 703 2384 quieturos
717 2308 836 2380 nnibtes,
852 2308 880 2368 si
894 2307 1006 2370 diutius
1021 2309 1050 2369 in
1065 2310 1227 2385 provincia

241 2394 437 2458 retineantur.
458 2394 486 2455 si
500 2408 601 2467 exeo,
617 2393 703 2467 quod
716 2400 768 2455 aut
780 2393 859 2454 inter
872 2407 908 2453 se
917 2393 1081 2469 loquantur
1092 2401 1144 2455 aut
1156 2409 1225 2457 suo-

243 2478 474 2541 clamationibus
484 2475 568 2551 apud
580 2475 806 2538 contionantem
816 2477 1031 2552 imperatorem
1042 2477 1226 2553 significent,

245 2562 320 2636 quid
339 2561 471 2622 sentiant
492 2557 725 2623 coniectandum
745 2559 799 2634 sit,
821 2560 924 2635 palam
944 2560 1130 2622 vociferatos
1153 2577 1226 2623 esse

242 2650 295 2702 aut
314 2644 528 2717 imperatorem
548 2642 578 2701 in
600 2641 760 2717 provincia
779 2649 953 2706 retenturos
974 2651 1028 2706 aut
1046 2661 1117 2706 cum
1137 2643 1225 2707 eoin

242 2725 358 2785 ltaliam
382 2734 529 2788 venturos
553 2740 635 2788 esse.
670 2725 924 2802 disceptationem
948 2727 1027 2789 inter
1050 2736 1226 2805 praetorem

241 2809 437 2886 legatumque
457 2809 619 2871 consulum
640 2809 747 2871 relatio
768 2810 942 2887 interrupit,
964 2812 1016 2888 qui
1031 2829 1106 2874 suas
1121 2811 1225 2875 ornari

241 2892 427 2968 provincias,
443 2891 623 2970 priusquam
637 2895 678 2954 de
690 2895 839 2971 praetoris
854 2896 993 2958 exercitu
1006 2903 1157 2973 ageretur,
1173 2914 1224 2958 ae

242 2992 335 3050 quum
357 2978 532 3040 censebant
564 2994 665 3041 novus
687 2979 786 3042 omnis
806 2977 961 3043 exercitus
981 2980 1161 3043 consulibus
1176 2988 1225 3043 esl

240 3058 398 3133 decretus,
418 3060 510 3122 binae
530 3062 668 3137 legiones
681 3062 839 3124 Romanae
858 3079 928 3125 cum
947 3079 1006 3127 suc
1021 3065 1171 3141 equitatu,
1194 3073 1225 3125 el

240 3141 358 3202 socium
372 3143 470 3206 Latini
485 3145 615 3207 nominis
631 3153 763 3222 quantus
777 3162 901 3223 semper
914 3163 1074 3222 numerus,
1095 3147 1223 3223 quinde-

241 3225 299 3284 cim
314 3226 397 3287 milia
409 3226 544 3305 peditum
558 3236 589 3292 et
602 3229 767 3305 octingenti
782 3231 911 3306 equites.
934 3232 1075 3293 cumhoc
1085 3230 1224 3293 exercitu

241 3308 382 3386 Apuanis
395 3310 559 3386 Liguribus
579 3320 612 3374 ut
630 3313 744 3374 bellum
763 3313 909 3376 inferrent
922 3316 1098 3377 mandatum
1111 3322 1167 3377 est.
1189 3314 1223 3375 P.

173 3442 175 3451 ,,
241 3393 382 3458 Cornelio
398 3395 478 3457 etbl.
488 3395 606 3458 Baebio
620 3403 819 3473 prorogatum
828 3397 988 3473 imperium
1000 3399 1139 3476 iussique
1149 3415 1222 3476 pro·

240 3479 359 3541 vincias
375 3480 528 3553 obtinere,
543 3481 643 3542 donec
657 3482 803 3543 eonsules
818 3482 990 3555 venissent;
1012 3489 1076 3546 turn
1091 3483 1221 3559 impera-
