2642 4017
229 233 292 298 124
427 232 542 294 LIBER
555 234 620 293 XLI
623 277 629 291 .
651 233 734 294 cnP.
749 243 793 296 23.
815 241 851 307 [a.
864 239 898 291 U.
911 257 933 290 c.
946 238 1009 306 578]

226 385 312 463 pretii
326 383 571 459 recipiendomm
586 399 643 459 spe
657 391 793 445 nostram
808 384 946 459 ipsorum
956 384 1125 444 libertatem
1138 385 1211 446 suh-

225 470 273 530 rui
288 474 319 528 et
331 467 471 543 temptari
486 468 626 544 patimur.
659 468 729 543 quis
744 468 823 528 enim
838 484 899 529 non
914 467 997 528 videt
1009 469 1090 527 viam
1104 468 1212 543 regiae

226 551 382 614 societatis
395 552 511 627 quaeri,
528 567 589 627 qua
599 552 771 613 Romanum
783 552 904 627 foedus,
917 566 978 627 quo
991 559 1097 612 nostra
1109 551 1211 612 omnia

226 638 433 709 condnentur,
455 636 606 696 violeturt
626 635 686 695 nisi
699 634 759 696 hoc
774 634 901 696 dubium
913 635 1004 695 alicui
1018 644 1079 709 est,
1094 636 1208 695 helian

226 721 299 781 dum
320 719 467 780 Romanis
488 734 557 778 cum
576 718 691 779 Perseo
713 734 800 793 esse,
822 726 853 780 et
874 719 959 795 quod
978 719 1049 778 vivo
1067 718 1211 793 Philippo

225 810 446 879 exspectatum,
461 810 557 863 morte
568 803 635 862 eius
646 803 871 876 interpellatum
884 810 940 876 est,
952 801 984 861 id
997 810 1068 878 post
1079 809 1210 862 mortem

225 887 357 963 Philippi
371 887 512 947 loturum.
541 886 636 958 duos,
652 892 686 946 ut
698 886 799 961 scitis,
822 885 928 948 habuit
941 886 1022 947 lilios
1036 885 1204 961 Philippus,

225 970 409 1032 Demetrium
424 975 456 1029 et
469 968 592 1030 Persea.
627 984 741 1044 genere
755 978 907 1043 materno,
929 970 1053 1045 virtute,
1076 971 1210 1044 ingenio,

225 1056 333 1116 lavore
352 1052 555 1113 Macedonum
576 1054 669 1128 longe
688 1053 839 1128 praestitit
852 1054 1033 1115 Demetrius.
1065 1054 1123 1114 sed
1138 1054 1211 1128 quia

225 1138 257 1197 in
271 1139 428 1199 Romanos
442 1135 506 1197 odii
520 1151 648 1211 regnum
664 1145 814 1212 posuerat
824 1138 1009 1214 praemium,
1023 1138 1210 1198 Demetrium

225 1223 308 1283 nullo
323 1221 383 1282 alio
399 1220 523 1281 crimine
537 1237 631 1295 quam
644 1223 802 1284 Romanae
816 1220 965 1283 amicitiae
978 1221 1071 1282 initae
1086 1220 1209 1295 occidit,

224 1305 351 1380 Persea,
373 1320 463 1381 quem
482 1305 600 1380 populo
614 1306 753 1366 Romano
775 1306 861 1380 prius
880 1320 999 1381 poenae
1014 1320 1105 1381 quam
1120 1305 1207 1380 regni

225 1390 369 1450 heredem
390 1391 523 1449 iuturum
544 1387 674 1465 sciebat,
699 1404 803 1464 regem
824 1389 905 1449 lecit.
940 1390 1044 1464 itaque
1065 1387 1139 1463 quid
1158 1387 1211 1448 hie

224 1480 298 1550 post
316 1479 443 1533 mortem
464 1473 561 1547 patris
575 1474 638 1547 egit
661 1473 744 1534 aliud
758 1488 850 1548 quam
865 1471 977 1534 bellum
991 1471 1131 1547 paraviti
1148 1472 1208 1531 Ba-

225 1565 345 1618 stamas
353 1555 682 1633 primumadterrorem
693 1556 828 1618 omnium
838 1556 1059 1617 inDardanium
1071 1553 1209 1627 immisit3

224 1642 278 1716 qui
293 1642 320 1701 si
334 1641 441 1701 sedem
455 1656 522 1699 eam
538 1642 715 1714 tenuissent,
731 1642 890 1717 graviores
909 1655 965 1700 eos
978 1642 1102 1701 accolas
1116 1638 1209 1699 Grae·

226 1724 274 1784 cia
286 1723 446 1785 habuisset
461 1740 552 1799 quam
567 1725 643 1785 Asia
655 1725 759 1787 Gallos
772 1724 913 1785 habebat.
935 1739 974 1784 ea
987 1739 1045 1798 spe
1057 1724 1209 1799 depulsus

225 1814 407 1868 nontamen
428 1808 499 1868 beili
520 1808 649 1869 consilia
670 1810 786 1871 omisit:
807 1810 915 1881 immo,
937 1807 965 1867 si
978 1823 1053 1867 vere
1066 1808 1209 1868 volumus

225 1891 337 1966 dloere,
352 1892 412 1951 iam
423 1891 578 1953 inchoavit
589 1893 710 1954 bellum.
732 1893 894 1968 Dolopiam
905 1892 997 1951 armis
1009 1891 1139 1966 subegit,
1151 1906 1211 1951 nee

225 1984 430 2051 provocantes
455 1979 495 2038 de
519 1976 737 2038 controversiis
762 1976 802 2037 ad
825 1975 1077 2051 disceptationem
1102 1974 1210 2050 populi

224 2059 355 2122 Romani
374 2060 499 2123 audivit.
532 2061 605 2120 inde
621 2067 833 2136 transgressus
850 2058 969 2132 Oetam,
990 2066 1023 2120 ut
1036 2065 1164 2134 repente
1177 2059 1209 2118 in

225 2145 326 2204 medio
341 2144 484 2206 umbilico
497 2144 642 2204 Graeciae
655 2143 895 2217 conspiceretur,
910 2141 1048 2217 Delphos
1060 2141 1210 2203 escendit.

224 2227 302 2289 haec
312 2229 472 2304 usurpatio
487 2227 602 2289 itineris
613 2227 728 2287 insoliti
740 2242 801 2300 quo
812 2226 902 2286 vohis
914 2235 1055 2301 spectare
1069 2226 1210 2286 videtum

227 2311 414 2373 thessaliam
439 2312 550 2372 deinde
575 2310 764 2386 peragravit:
794 2309 879 2384 quod
899 2310 967 2370 sine
988 2309 1080 2371 ullius
1101 2324 1209 2370 eorum

225 2412 305 2470 quos
320 2395 428 2455 oderat
442 2396 543 2468 noxia,
558 2393 618 2452 hoc
632 2394 729 2467 magis
743 2393 973 2469 temptationem
987 2400 1100 2455 metuo.
1134 2392 1207 2452 inde

223 2480 338 2540 litteras
354 2479 394 2538 ad
408 2493 467 2538 nos
478 2493 547 2537 cum
558 2476 694 2537 muneris
705 2477 811 2553 specie
822 2477 913 2553 misit,
927 2484 958 2538 et
969 2479 1103 2554 cogitare
1113 2475 1207 2547 iubet,

225 2578 287 2638 quo
302 2561 394 2622 modo
409 2561 439 2620 in
454 2560 606 2635 reliquum
620 2560 680 2621 hoc
694 2576 820 2623 munere
833 2576 896 2621 non
910 2577 1065 2637 egeamus,
1084 2560 1145 2622 hoc
1159 2568 1210 2621 est

224 2652 257 2705 ut
270 2644 436 2719 decretum,
453 2659 514 2720 quo
529 2652 671 2706 areentur
681 2644 897 2721 Peloponneso
908 2646 1105 2718 Macedones,
1120 2645 1207 2705 tolla·

223 2743 308 2798 mus;
338 2744 446 2790 rursus
467 2731 584 2804 legatos
599 2730 717 2805 regios,
741 2737 772 2791 et
785 2729 919 2805 hospitia
934 2745 1003 2791 cum
1017 2728 1208 2806 principibus

223 2819 254 2872 et
273 2827 347 2872 mox
364 2812 568 2874 Macedonum
587 2815 757 2891 exercitus,
777 2814 878 2889 ipsum
900 2830 1027 2890 quoque
1047 2811 1208 2888 aDelphis

223 2927 265 2940 ·-
276 2904 422 2971 quantum
443 2897 525 2958 enim
545 2897 691 2960 interfluit
710 2899 894 2960 iretumt—
906 2899 1093 2959 traicientem
1107 2899 1138 2956 in
1152 2894 1207 2956 Pe·

224 2981 428 3054 loponnesum
438 2980 607 3059 videamus,
619 2984 845 3044 immisceamur
855 2983 1075 3044 Macedonibus
1087 2996 1207 3041 annau-

222 3061 305 3124 tibus
320 3080 356 3126 se
370 3066 522 3127 adversus
536 3068 704 3129 Romanos.
726 3082 784 3143 ego
802 3067 875 3127 nihil
889 3066 961 3127 novi
973 3082 1087 3127 censeo
1100 3067 1207 3125 decer·

223 3148 372 3223 nendum,
398 3149 614 3226 servandaque
634 3152 736 3213 omnia
755 3151 887 3226 integra,
915 3151 1015 3211 donec
1036 3150 1077 3210 ad
1092 3155 1209 3210 certum

221 3230 386 3307 redigatur,
398 3249 537 3295 vanusne
548 3234 598 3294 hic
609 3236 700 3296 timor
710 3242 971 3296 nosteranverus
983 3235 1082 3296 luerit
1104 3233 1132 3293 si
1143 3247 1208 3309 pax

223 3314 370 3377 inviolata
393 3316 472 3377 inter
490 3318 679 3380 Macedonas
698 3321 920 3393 Romanosque
941 3318 1089 3392 manebit,
1116 3315 1208 3376 nohis

223 3415 349 3475 quoque
370 3401 499 3461 amicitia
514 3410 544 3463 et
558 3403 774 3464 commercium
790 3404 842 3464 sit:
866 3418 946 3463 nunc
961 3404 1001 3464 de
1015 3418 1053 3463 eo
1072 3401 1208 3475 cogitare

222 3482 430 3557 periculosum
444 3491 474 3545 et
487 3486 678 3547 immatumm
689 3485 840 3547 videtur.“
