2642 4017
203 213 329 274 LIBER
342 214 403 274 XL.
428 215 511 275 CAP.
525 223 569 278 34.
581 223 624 277 bs.
648 222 686 287 [a.
698 239 721 274 c.
735 223 769 275 U.
781 226 842 282 572·
858 241 884 282 a.
897 225 930 281 C.
943 225 1006 292 160]
1059 219 1100 284 83

107 369 222 432 codem
245 384 331 430 auno
353 377 475 430 centum
496 368 622 430 obsides
637 368 762 443 redditi,
784 385 956 447 pacemque
975 387 1044 433 cum
1062 372 1100 434 iis

106 453 247 528 populus
270 453 432 513 Romanus
453 468 513 513 uon
533 450 572 512 ab
593 467 628 512 sc
648 458 762 512 tantum
784 454 841 513 sed
860 454 898 514 ab
917 469 991 530 rega
1010 456 1100 517 etiam

103 536 282 597 Masinissa
298 536 456 611 praestilit,
471 536 523 610 qui
538 551 607 595 cum
621 536 778 611 praesidio
789 544 904 599 umato
917 553 1032 613 agrum,
1048 540 1100 614 qui

104 621 133 680 in
150 619 374 681 controversia
387 626 460 693 erat,
477 618 640 681 obtinebat

191 702 323 764 XXXV.
347 700 485 763 Otiosam
499 703 689 778 provinciam
704 704 850 765 consuics
864 704 1044 766 habueruut.
1059 705 1100 766 M.

104 786 245 847 Baebius
275 786 467 848 comitiorum
492 802 588 848 causa
612 787 741 848 Romam
764 795 929 848 revocatus
954 790 1100 850 consules

102 869 223 930 creavit
237 872 281 930 A.
296 869 485 931 Postumium
500 868 643 930 Albinum
658 870 792 931 Luscum
813 878 843 932 et
858 871 889 931 C.
905 871 1100 947 Calpurnium

100 951 264 1013 Pisonem.
288 960 449 1029 praetores
465 953 578 1013 exinde
588 953 660 1014 iacti
671 954 714 1014 lt.
726 952 930 1030 Sempronius
943 956 1099 1017 Gracchus

102 1036 134 1094 L.
149 1036 336 1099 Postumius
350 1037 481 1097 Albinus
492 1036 524 1096 P.
536 1036 695 1097 cornelius
705 1036 877 1113 Mammula,
890 1036 934 1100 ti.
946 1039 1099 1101 Minucius

49 1165 52 1169 .
100 1119 287 1181 Molliculus
308 1121 346 1179 Δ.
367 1119 517 1181 Hostilius
536 1119 697 1181 Mancinus
718 1120 748 1181 C.
769 1120 919 1183 Maenius.
946 1121 967 1183 ii
988 1138 1097 1185 omnes

101 1205 323 1278 magistratum
337 1202 440 1265 idibus
454 1203 571 1264 Martiis
586 1203 726 1264 inierunt,

69 1346 73 1355 ,
187 1287 348 1363 Principio
363 1285 431 1348 eius
446 1287 532 1362 anni,
554 1302 617 1362 quo
631 1287 670 1346 A.
684 1286 860 1349 Postumius
874 1286 1005 1349 Albinus
1020 1297 1051 1350 et
1066 1289 1097 1351 C.

102 1369 297 1447 Calpurnius
308 1371 379 1431 Piso
395 1372 541 1432 consides
555 1363 686 1445 luerunt,
701 1371 741 1431 ab
752 1374 789 1429 A.
802 1370 957 1432 Postumio
970 1374 1099 1433 consule

100 1453 131 1512 in
153 1462 302 1516 senatum
323 1455 485 1515 introducti
507 1454 560 1530 qui
578 1469 618 1513 ex
633 1454 783 1528 Hispania
798 1454 938 1515 citeriore
952 1462 1098 1518 venerant

102 1554 121 1596 a
142 1538 177 1612 Q.
192 1539 309 1600 Fulvio
330 1538 457 1612 Macco,
478 1539 510 1598 L.
535 1537 688 1598 Minucius
708 1538 828 1612 legatus
849 1543 881 1598 et
899 1537 960 1598 duo
983 1538 1096 1600 tribuni

102 1621 244 1698 militum,
258 1624 293 1683 T.
302 1620 441 1683 Maeuius
452 1622 525 1683 etL.
537 1620 695 1682 Terentius
705 1620 895 1682 Massaliota.
910 1619 1021 1683 hicum
1033 1623 1094 1685 duo

103 1708 246 1767 secunda
269 1706 401 1782 proelia,
421 1706 495 1766 iude
510 1704 696 1765 deditionem
711 1703 903 1778 Celtiberiae,
925 1706 1096 1768 conlectam

104 1790 301 1862 provinciam
309 1790 515 1861 nuntiassent,
531 1803 590 1849 uec
603 1786 767 1863 stipendio,
784 1789 868 1863 quod
882 1787 958 1850 mitti
971 1791 1095 1864 soleret,

103 1887 161 1931 nec
182 1874 339 1935 lrumento
360 1880 480 1949 portato
502 1873 542 1932 ad
563 1871 729 1933 exercitum
750 1871 780 1931 in
802 1888 872 1932 eum
886 1889 1000 1934 annum
1014 1889 1095 1949 opus

105 1969 193 2029 esse,
222 1956 379 2034 petierunt
398 1957 437 2017 ab
458 1963 568 2017 senatu
587 1956 733 2031 primum,
758 1963 792 2016 ut
810 1956 850 2017 ob
871 1971 923 2016 res
945 1971 1096 2031 prospere

105 2047 212 2111 gestas
233 2043 296 2102 diis
317 2040 537 2102 immortalibus
558 2040 659 2101 honos
680 2037 856 2112 baberetur,
882 2038 994 2100 deinde
1013 2047 1047 2100 ut
1061 2039 1095 2114 Q.

106 2119 213 2186 Fulvio
235 2125 400 2185 decedenti
421 2125 460 2185 de
475 2122 634 2200 provincia
649 2124 812 2200 deportare
829 2121 901 2184 inde
917 2123 1095 2199 exercitum,

108 2206 194 2267 cuius
217 2210 291 2272 lorti
311 2224 407 2284 opera
420 2215 452 2268 et
470 2207 540 2283 ipse
554 2207 683 2268 etmulti
698 2215 769 2267 anto
783 2223 852 2268 cunr
867 2213 1026 2282 praetores
1045 2208 1095 2269 usi

107 2298 222 2366 essent,
242 2293 355 2353 liceret.
378 2291 463 2368 quod
478 2290 553 2364 fieri,
572 2298 789 2367 praeterquam
804 2290 889 2366 quod
902 2291 945 2350 iia
958 2290 1093 2364 deberet,

108 2373 198 2435 eliam
219 2391 321 2454 prope
341 2375 550 2437 necessarium
569 2391 657 2437 essex
680 2376 722 2437 ita
738 2373 818 2435 euim
834 2373 1006 2435 obstinatos
1021 2390 1095 2440 asse

107 2456 236 2536 milites,
258 2467 292 2521 ut
311 2476 372 2520 non
393 2461 469 2520 ultra
484 2460 608 2520 retineri
623 2460 720 2535 posse
734 2461 764 2520 in
780 2456 940 2535 provincia
953 2456 1093 2519 videren-

110 2546 170 2615 tur,
193 2545 378 2620 iniussuque
393 2544 503 2604 abituri
516 2543 589 2604 inde
602 2551 722 2619 assent,
744 2542 849 2605 sinon
864 2541 1093 2618 dimitterentur,

108 2633 159 2685 aut
172 2628 202 2687 in
219 2630 440 2705 perniciosam,
456 2626 485 2689 si
499 2627 568 2702 quis
583 2629 724 2703 impense
738 2629 896 2697 retineret,
912 2626 1094 2688 seditionem

108 2713 260 2774 exarsuri.
291 2712 470 2774 consulibus
490 2711 640 2773 ambobus
661 2710 851 2787 provinciam
871 2710 1000 2785 Ligures
1021 2726 1095 2772 esse

109 2803 236 2857 senatus
252 2797 350 2858 iussit.
379 2802 537 2872 praetores
550 2795 622 2856 inde
636 2795 734 2858 sortiti
748 2801 834 2856 sunt=
855 2796 884 2852 Α
897 2793 1028 2855 Hostilio
1042 2811 1093 2855 ur·

108 2871 202 2955 bana,
224 2880 268 2940 Ti.
283 2880 417 2941 Minucio
440 2879 753 2956 peregrinabamur,
774 2877 807 2937 P.
824 2876 964 2939 Cornelio
979 2875 1092 2952 Sicilia,

110 2955 140 3017 G.
154 2960 277 3025 Maenio
300 2963 451 3025 Sardinia.
479 2963 646 3038 Hispanias
668 2962 765 3025 sortiti
779 2961 812 3021 L.
828 2960 1002 3021 Postumius
1017 2962 1092 3023 ulte

109 3041 236 3120 ricrem,
256 3047 299 3108 Ti.
317 3048 518 3124 Sempronius
538 3047 719 3108 citeriorem.
751 3046 779 3105 is
801 3044 873 3122 quia
886 3060 1092 3107 successurus

112 3122 144 3196 Q·
157 3127 266 3192 Fulvio
280 3132 392 3193 Flacco
408 3139 488 3205 erat,
509 3144 549 3190 ne
568 3139 674 3193 vetere
694 3129 830 3191 exercitu
845 3128 1003 3205 provincia
1018 3146 1091 3204 spo·

110 3206 245 3289 liaretur,
268 3223 426 3291 „quaero“
447 3215 548 3291 inquit
561 3214 622 3288 „de
636 3221 682 3290 te,
702 3214 735 3275 L.
752 3211 881 3288 Minuci,
904 3230 973 3275 cum
987 3213 1091 3274 conie-

112 3300 189 3384 ctum
203 3299 392 3375 provinciam
404 3300 535 3372 nunties,
551 3298 749 3360 existimesne
759 3297 927 3360 Celtiberos
941 3301 1090 3373 perpetuo

112 3387 140 3433 ln
154 3378 214 3444 ilde
228 3398 402 3458 mansuros,
417 3385 458 3444 ita
469 3390 502 3443 ut
516 3383 583 3443 sine
592 3384 731 3444 exercitu
742 3398 780 3442 ca
791 3380 951 3457 provincia
962 3376 1091 3440 obtineri

112 3466 215 3530 Possit
244 3467 271 3527 si
292 3482 394 3543 neque
415 3467 536 3528 deiide
555 3466 755 3528 barbarorum
775 3465 939 3580 quicquam
953 3459 1091 3534 recipcre
