2642 4017
297 268 515 329 amanam.
536 270 732 333 ennean.
754 279 791 346 [a.
807 278 916 346 c.1en
1032 271 1097 336 aaaw

115 419 281 480 maritimas
305 433 431 494 quoque
452 421 695 495 opportunitates
717 419 745 482 ei
765 423 915 497 praebent
934 431 1042 498 portus
1057 426 1096 485 ad

113 505 256 565 Toronen
272 517 309 563 ac
324 511 456 562 montem
471 503 551 564 Atho
565 535 609 549 ·-
622 505 749 565 Aeneae
762 511 875 566 vocant
888 505 1032 583 hunc-,
1046 508 1096 568 alit

115 588 156 647 ad
174 587 306 647 insulam
325 586 497 661 Euboeam,
528 588 577 647 alii
601 588 641 647 ad
664 589 896 664 Hellespontum
921 598 1097 666 opportune

113 670 206 731 versi.
230 670 318 730 tertia
340 671 427 746 regio
447 670 566 731 nobiles
581 672 675 732 urbes
694 671 845 733 Edessam
860 680 891 733 et
903 672 1052 734 Beroeam
1067 681 1097 734 et

114 754 228 813 Pellam
249 752 356 828 habet,
377 762 408 815 et
426 754 596 815 Vettiorum
615 755 797 817 bellicosam
810 764 948 832 gentem
977 757 1095 818 incolas

118 854 242 913 quoque
262 839 431 912 permultos
451 838 556 899 Gallos
577 846 609 899 et
621 840 761 916 illyrios,
787 840 937 916 inpigros
952 843 1095 902 cultores.

115 929 256 997 quartam
270 922 428 997 regionem
440 922 573 983 Eordaei
588 929 619 983 et
630 922 806 1001 Lyncestae
820 931 851 984 ct
862 923 1035 999 Pelagones
1050 923 1095 985 in·

115 1006 235 1079 colunt,
256 1005 359 1066 iuncta
378 1005 427 1066 his
447 1006 603 1067 Atintania
624 1014 654 1067 et
674 1006 864 1086 Stymphalis
885 1013 916 1069 et
934 1006 1094 1069 Elimiotis.

108 1089 227 1163 frigida
246 1088 324 1149 haec
345 1089 445 1150 omnis
466 1090 606 1165 duraque
627 1092 711 1153 cultu
731 1099 762 1152 et
782 1107 896 1167 aspera
916 1093 1009 1167 plaga
1030 1099 1095 1153 esta
1135 1130 1139 1133 >

114 1173 265 1233 cultorum
287 1189 414 1249 quoque
433 1173 555 1248 ingenia
568 1182 670 1234 terrae
684 1174 794 1235 similia
807 1175 909 1236 babet.
926 1176 1095 1237 ferociores

115 1272 172 1318 eos
185 1263 216 1317 et
225 1258 351 1316 accolae
361 1257 485 1318 barbari
490 1258 615 1330 lauant,
627 1275 710 1320 nunc
719 1259 800 1320 bello
808 1267 1000 1332 exercentes,
1013 1274 1095 1320 nunc

113 1341 145 1399 in
159 1355 237 1414 pace
255 1341 419 1402 miscentes
433 1342 510 1401 ritus
525 1357 610 1402 suos.
632 1342 734 1402 divisa
752 1342 857 1417 itaque
868 1341 1051 1403 Macedonia
1065 1348 1096 1402 et

113 1424 246 1499 partium
258 1423 367 1485 usibus
383 1425 544 1500 separatis,
561 1439 640 1501 quae
654 1425 714 1484 iam
728 1423 895 1485 universos
903 1430 1021 1484 teneret
1030 1424 1094 1483 Ma·

115 1507 266 1583 eedonas,
291 1509 422 1569 lormula
443 1507 539 1582 dicta,
566 1523 635 1567 cum
655 1510 741 1582 leges
763 1522 889 1582 quoque
902 1506 1094 1567 sedatorum

114 1591 312 1653 ostendisset.

197 1675 293 1734 XXXI
314 1676 415 1736 Aetoli
437 1673 550 1734 deinde
570 1674 661 1734 citati.
684 1672 715 1733 in
730 1677 792 1749 qu'a
807 1672 980 1748 cognitione
995 1673 1094 1749 magis

114 1766 267 1835 atrapens
279 1756 436 1832 Romanis,
448 1756 593 1833 utraregi
605 1757 734 1818 lavisset
745 1758 918 1833 quaesitum
929 1764 988 1832 est
1001 1773 1094 1833 quam

112 1850 182 1904 utra
200 1842 327 1903 iecisset
341 1842 479 1901 iniuriam
494 1847 547 1902 aut
566 1841 858 1916 accepisset=·n0xa
869 1842 988 1902 liberati
1001 1840 1093 1902 intar-

112 1929 264 1996 fectorem
290 1925 433 1985 exsilium
446 1924 546 2000 pulsis
560 1939 660 2001 oeque
673 1931 771 1985 ratum
785 1923 841 1986 tuit
854 1940 891 1985 ac
905 1940 989 1985 mors
1002 1924 1093 1984 inter·

113 2010 220 2080 fectis;
241 2011 280 2069 A.
294 2007 429 2069 Baebius
443 2025 524 2070 unus
545 2016 593 2069 est
607 2009 785 2083 damnatus,
807 2008 892 2084 quod
906 2008 1018 2068 milites
1031 2007 1093 2067 Ro·

75 2159 77 2162 ,
112 2109 223 2153 manos
248 2092 443 2168 praebuisset
464 2093 504 2153 ad
525 2091 726 2153 ministerium
748 2090 863 2152 caedis.
891 2089 943 2151 bic
963 2098 1093 2150 eventus

111 2177 293 2237 Aetolorum
307 2181 421 2236 causae
435 2175 465 2235 in
481 2177 622 2238 omnibus
636 2175 784 2236 Graeciae
798 2174 941 2250 gentibus
954 2173 1092 2250 populis·

113 2277 175 2337 quc
195 2276 302 2320 eorum
321 2260 372 2335 qui
387 2261 484 2335 partis
498 2262 707 2322 Romanorum
725 2261 845 2320 inerant
863 2256 981 2318 intlavit
994 2257 1035 2317 ad
1048 2259 1093 2317 in·

111 2344 300 2406 tolerabilem
312 2343 489 2419 superbiam
500 2346 628 2417 animos,
641 2350 673 2405 et
684 2343 835 2406 obnoxios
843 2341 975 2418 pedibus
986 2356 1093 2402 eorum

112 2429 244 2490 subiecit
258 2445 338 2505 quos
352 2429 457 2504 aliqua
470 2437 557 2504 parte
571 2428 710 2504 suspicio
725 2427 840 2488 favoris
854 2428 885 2486 in
899 2440 1005 2500 regern
1019 2440 1092 2485 con·

111 2512 230 2587 tigerat
258 2512 317 2573 tria
336 2528 450 2588 genera
465 2513 636 2589 principum
657 2512 689 2572 in
704 2510 877 2572 civitatibus
893 2517 995 2581 erant,
1019 2508 1091 2581 duo,

114 2613 193 2670 quae
213 2597 368 2657 adulando
388 2605 441 2658 aut
458 2599 669 2659 Romanorum
688 2595 848 2673 imperinm
862 2602 916 2655 aut
929 2592 1092 2654 amicitiam

111 2694 219 2752 regum
234 2679 293 2737 sibi
307 2678 448 2753 privatim
463 2695 542 2756 opes
556 2680 720 2757 oppressis
735 2678 888 2741 iaciebant
902 2676 1090 2746 civitatibus;

112 2761 247 2821 medium
264 2777 374 2834 unum,
398 2763 521 2837 utrique
540 2765 644 2838 generi
666 2764 846 2837 adversmn,
871 2762 1040 2823 libertatem
1062 2766 1092 2819 et

112 2844 198 2918 leges
212 2843 362 2904 tuebatur.
383 2842 432 2903 bis
446 2852 480 2905 ut
491 2849 587 2906 maior
600 2846 683 2920 apud
698 2861 774 2906 suos
789 2846 917 2919 caritas,
936 2845 980 2905 ite
992 2844 1092 2903 minor

112 2929 152 2988 ad
168 2936 313 2988 externos
326 2928 425 3001 gratia
438 2936 512 2990 erat.
535 2929 682 2989 secundis
692 2928 786 2989 rebus
801 2928 873 2988 elati
882 2928 1098 2989 Romanormn

111 3010 208 3089 partis
222 3010 289 3071 eius
305 3012 441 3073 fautores
461 3012 520 3073 soli
541 3019 604 3074 tum
618 3012 650 3071 in
664 3011 905 3087 magistratibus,
929 3010 989 3072 soli
1002 3011 1033 3069 in
1047 3012 1091 3070 le-

110 3095 285 3171 gationibus
299 3102 396 3155 erant.
414 3096 445 3156 hi
461 3112 530 3157 eum
546 3097 723 3171 trequentes
737 3105 768 3156 et
781 3110 820 3156 ex
830 3093 1046 3169 Peloponneso
1061 3101 1091 3154 et

110 3196 150 3239 ex
164 3179 293 3241 Boeotia
308 3187 392 3240 etex
407 3180 475 3241 aliis
491 3179 638 3241 Graeciae
653 3180 792 3241 conciliis
805 3180 961 3251 adessent,
981 3178 1088 3253 imple·

109 3279 183 3325 vere
197 3279 289 3325 aures
304 3263 413 3324 decern
422 3265 608 3339 legatorum=
623 3280 685 3324 non
697 3279 753 3325 eos
764 3271 888 3339 tantum,
904 3263 957 3339 qui
968 3277 1004 3322 se
1018 3276 1089 3335 pro-

110 3348 211 3423 palam
226 3363 284 3423 per
294 3349 460 3410 vanitatem
475 3347 643 3409 iactassent
655 3354 811 3424 tamquam
824 3347 964 3423 hospites
975 3350 1007 3403 et
1016 3340 1089 3402 ami·

112 3446 168 3491 cos
192 3429 313 3507 Persei,
337 3432 395 3492 sed
416 3433 510 3493 molto
533 3434 637 3507 plures
658 3433 737 3494 alios
759 3448 799 3492 ex
820 3431 941 3491 occulto
962 3426 1088 3497 lavisse,

111 3516 248 3589 reliquos
269 3529 326 3589 per
347 3515 484 3590 speciem
504 3515 638 3577 tuendae
657 3514 805 3577 libertatis
825 3514 856 3574 ln
878 3508 1015 3571 conciliis
1036 3508 1085 3567 ad·
