2642 4017
313 249 429 310 umus
442 249 546 310 nutv,
567 250 935 330 cAP.³5.³6.[a.c.16lt]
1034 254 1098 318 als

123 403 280 469 cedoniae.
296 401 383 477 quod
396 400 427 462 in
442 401 571 464 consilo
586 402 730 478 agitatum
744 411 818 478 erat
838 407 1027 467 vastandam.
1049 423 1101 470 se·

123 496 207 551 creto
227 483 394 547 indicatum
416 484 531 546 cibaria
551 484 600 546 his
616 495 798 563 praeparata
817 490 858 549 ad
872 492 1002 551 classem
1018 506 1101 568 esse,

122 587 162 633 ne
177 569 253 647 quid
266 585 323 631 eos
337 576 516 630 moraretur.
539 569 611 631 inde
623 572 701 631 russi
722 572 818 633 duces
838 571 954 634 itineris
969 575 1011 635 lta
1024 574 1101 635 diri·

122 657 196 717 dere
215 654 312 727 viam,
338 660 371 713 ut
392 660 500 727 quarta
525 652 628 727 vigilia
647 655 735 716 tertio
756 655 806 717 die
826 655 968 735 Ργιὴὶιιιη
988 657 1102 721 adoriri

123 744 261 816 possent.
282 734 352 811 ipse
366 743 491 812 postero
507 734 571 808 die,
592 743 625 798 ut
639 737 788 799 detineret
801 755 905 815 regem
919 739 959 800 ab
974 739 1101 802 cucum-

123 829 232 898 spectu
252 835 355 880 rerum
376 819 518 893 aliarum,
540 818 639 894 prima
658 821 728 882 luce
748 823 850 883 medic
868 823 900 883 in
921 824 1010 886 alveo
1032 840 1102 887 cum

122 904 305 966 stationibus
332 902 466 964 hostium
497 903 647 978 proelium
678 905 838 968 commisit
873 915 1102 986 pugnatumque

123 990 274 1063 utrimque
288 993 338 1048 est
350 985 410 1047 levi
424 993 585 1047 armatura.
606 1003 665 1049 nec
678 989 872 1063 gravioribus
885 990 980 1052 armis
994 992 1025 1052 in
1040 1000 1102 1055 tam

122 1070 276 1148 inaequali
294 1072 384 1131 alveo
406 1071 535 1146 pugnari
551 1078 680 1146 poterat.
704 1072 875 1136 descensus
888 1077 976 1150 ripae
989 1076 1101 1138 utrius·

124 1156 228 1233 quein
243 1156 362 1214 alveum
375 1161 581 1215 trecentorum
595 1156 690 1215 terme
704 1171 853 1231 passuum
867 1164 947 1233 erat,
968 1160 1102 1222 medium

124 1239 256 1316 spatium
276 1238 437 1309 torrentis,
462 1236 535 1299 alibi
555 1238 642 1300 aliter
662 1240 778 1315 casati,
803 1243 896 1317 paulo
916 1242 988 1318 plus
1009 1260 1102 1318 quam

121 1325 203 1384 mille
223 1337 338 1398 passus
352 1322 485 1397 patebat.
506 1320 550 1382 ibi
563 1323 594 1382 ln
609 1322 711 1385 medio
726 1324 937 1400 spectantibus
951 1325 1102 1400 utrimque

122 1423 163 1468 ex
182 1407 264 1467 vallo
285 1412 455 1467 castrorum
475 1406 727 1481 discrepemus
747 1408 875 1469 consula
894 1423 964 1470 cum
978 1408 1044 1469 suis
1058 1412 1101 1470 le·

122 1489 264 1566 plumbus
287 1496 457 1565 pugnatum
476 1494 534 1550 est
562 1489 731 1551 missilibus
752 1492 861 1565 procul
883 1490 970 1565 regia
989 1491 1100 1552 auxilie

122 1572 231 1634 mellus
243 1572 437 1650 pugnabantc
460 1572 630 1633 cummium
641 1572 779 1635 stabilior
789 1580 820 1635 et
830 1573 985 1636 tulleraut
996 1590 1102 1650 parma

122 1662 175 1720 aut
194 1664 283 1719 scuta
297 1656 456 1732 Ligustino
477 1657 634 1717 Romanus
649 1662 725 1716 eret.
746 1657 872 1718 meridie
886 1658 951 1718 lere
964 1658 1102 1736 receptui

123 1741 191 1803 cani
212 1741 278 1803 suis
300 1741 409 1802 consul
428 1738 526 1801 iussit
554 1739 595 1801 ite
616 1753 654 1801 eo
677 1738 727 1800 die
747 1741 931 1822 diremptum
952 1743 1100 1817 proelium

122 1834 170 1886 est
189 1825 273 1885 haud
292 1824 401 1900 paucis
420 1823 573 1899 utrimque
592 1822 768 1885 interiectis.
797 1827 864 1886 sole
885 1831 952 1886 arto
973 1833 1101 1901 postero

122 1908 173 1970 die
187 1909 310 1970 irritatis
325 1907 489 1969 certamine
503 1907 612 1968 animis
626 1907 717 1968 etiam
732 1908 832 1970 acrius
847 1922 1032 1971 concursum
1044 1917 1101 1971 est

122 1994 179 2054 sed
193 1992 323 2054 Romani
344 2006 407 2052 nen
422 1991 461 2052 ab
474 1989 523 2051 his
536 1996 667 2064 tantum,
688 2006 758 2052 cum
780 1990 892 2067 quibus
914 1998 1102 2054 conuectum

122 2084 274 2138 certamen
290 2084 369 2149 erat,
395 2076 453 2137 sed
468 2076 561 2137 multo
574 2075 673 2150 magis
688 2076 728 2135 sb
743 2091 781 2136 aa
793 2074 999 2150 multitudine,
1021 2090 1102 2151 quae

122 2160 273 2236 disposita
286 2160 317 2220 in
337 2159 473 2220 turribus
487 2160 601 2233 stabat,
627 2157 711 2221 omni
725 2174 838 2235 genere
852 2158 1012 2220 missilium
1027 2160 1101 2220 telc-

121 2260 188 2306 runr
210 2259 247 2304 ac
268 2243 352 2304 saxis
373 2243 504 2304 maxime
516 2243 766 2313 vulnerabantur.
793 2243 845 2304 ubi
861 2242 990 2319 prcplus
1003 2242 1102 2319 ripam

121 2327 256 2390 hostium
270 2328 435 2401 subissent,
451 2327 609 2389 tormentis
623 2327 720 2388 missa
734 2327 825 2390 etiam
840 2327 880 2387 ad
894 2326 1017 2388 ultimos
1031 2343 1100 2402 per·

53 2458 59 2468 .
123 2411 294 2473 veniebant
322 2412 416 2473 multo
438 2411 577 2487 pluribus
599 2426 636 2472 en
659 2410 709 2471 die
731 2409 853 2472 amissis
877 2412 987 2471 consul
1008 2411 1101 2487 paulu

121 2495 222 2556 serius
232 2495 350 2570 recepit
360 2511 446 2556 suos.
466 2495 556 2557 tertio
568 2493 619 2555 dle
629 2495 750 2571 proelio
761 2494 917 2569 abstinuit,
932 2494 1100 2570 degressus

121 2579 161 2639 ad
175 2579 266 2639 imam
279 2586 397 2654 partem
412 2586 590 2653 castrorum,
607 2580 700 2640 veluti
711 2595 768 2654 per
779 2580 931 2640 devexum
941 2577 1099 2639 brachium

121 2663 282 2722 transitum
296 2669 507 2737 temptaturus.
529 2663 671 2737 Perseus,
687 2664 772 2739 quod
786 2664 817 2723 in
832 2663 931 2725 oculis
946 2670 1012 2724 erat

122 2825 256 2886 XXXVI.
278 2824 349 2883 anni
363 2831 437 2899 post
450 2826 663 2885 circumactum
679 2827 842 2888 solstitium
856 2835 930 2902 erat,
949 2827 1026 2888 hora
1041 2828 1100 2889 dlei

122 2908 182 2971 iam
203 2909 245 2969 ed
265 2907 421 2967 meridIem
436 2908 597 2983 vergebat,
617 2908 676 2968 lter
695 2911 788 2970 multu
802 2912 930 2986 pulvere
944 2918 975 2971 et
989 2911 1101 2973 incale-

121 3000 229 3056 scente
244 2992 312 3053 sole
325 2992 439 3051 lactum
453 2997 527 3051 erat.
550 2990 700 3051 lassitudo
715 2998 746 3052 et
756 2992 822 3054 sitis
833 2993 893 3053 iam
905 2994 1100 3069 sentiebatur,

121 3087 152 3140 et
185 3076 355 3139 meridiano
381 3080 470 3136 aestu
493 3074 591 3149 magis
616 3089 817 3137 accessurum
841 3083 1004 3153 utrumque
1028 3093 1100 3139 mox

121 3162 301 3239 apparebat
322 3158 427 3223 statuit
441 3158 487 3220 sic
502 3158 641 3221 adiectos
656 3158 772 3221 recenti
786 3165 879 3237 atque
890 3160 1007 3237 integro
1019 3160 1100 3222 hesli

121 3246 336 3307 nanciscere:
359 3242 417 3304 sed
436 3248 540 3304 tantus
561 3245 655 3306 ardor
668 3244 698 3304 in
714 3241 824 3306 animis
839 3245 880 3306 ad
893 3245 1100 3306 dimicandum

121 3331 274 3407 utrimque
294 3333 374 3403 erat,
395 3334 430 3388 ut
449 3329 570 3389 consuli
590 3345 653 3391 non
674 3327 791 3390 minure
811 3336 877 3391 arte
891 3329 931 3389 ad
946 3343 1021 3387 suas
1036 3327 1100 3386 elu-

122 3415 242 3476 dendos
258 3411 405 3490 quemad
419 3410 525 3473 hostes
541 3430 621 3490 opus
635 3419 729 3475 esset.
751 3414 887 3475 nundum
902 3410 1044 3471 omnibus
1055 3407 1099 3467 in·

122 3500 244 3560 structis
259 3497 393 3560 instabat
405 3493 533 3557 tribunis
547 3498 683 3572 militum,
699 3505 733 3557 ut
744 3499 929 3613 maturarent
940 3491 1099 3565 iustruere,

840 3583 873 3638 16
