2642 4017
314 257 430 318 tmen
444 257 535 318 xcv.
558 258 641 321 aaa.
656 267 723 321 aa.
744 261 824 338 [ac.
837 263 899 341 aaa]
1034 261 1097 327 mo

110 409 141 470 in
162 405 347 468 Macedonia
364 414 533 482 pugnatum
554 413 611 468 est.
646 408 684 468 ll.
711 417 837 485 postero
858 411 909 472 dic
923 422 1051 476 senatus
1065 416 1095 477 in

109 491 196 553 curia
208 489 340 564 habitus,
355 489 662 568 supplicationesque
677 492 828 570 decretae,
842 502 874 557 et
884 504 1011 579 senatus
1023 514 1095 560 con-

110 577 222 638 saltem
236 574 350 634 lactum
364 580 422 648 est,
442 581 476 635 ut
488 577 606 650 consul,
619 591 700 652 quos
714 583 838 652 praeter
851 579 961 641 milites
976 583 1095 644 socios·

111 675 173 736 que
187 658 315 719 navales
330 657 508 720 coniuratos
521 658 666 736 haberet,
687 659 865 724 dimittercta
897 663 937 724 de
950 664 1095 727 militibus

110 743 268 819 sociisque
281 742 444 803 navalibus
457 743 646 805 dimittendis
659 745 839 821 referretur,
860 761 930 807 cum
951 748 1043 825 legati
1056 749 1095 811 ab

109 828 143 887 L.
157 825 289 887 Aemilio
301 827 438 900 consule,
456 827 599 903 aqmbus
611 827 802 903 praemissus
813 829 991 893 tabellarius
1002 839 1094 909 esset,

108 908 277 972 venissent.
298 915 370 970 ante
385 909 466 970 den
486 917 607 973 sextum
626 911 696 972 Kal.
711 910 861 975 Octobres
875 913 953 976 hora
967 916 1032 976 iere
1045 933 1092 978 se·

110 994 212 1055 cunda
225 993 317 1070 legati
330 994 437 1054 urbem
451 994 584 1073 ingressi
598 1001 686 1057 sunta
701 995 854 1072 ingentem
865 1013 972 1060 secum
986 1014 1094 1061 occur-

109 1077 254 1149 rentium,
276 1092 470 1154 quacumque
483 1079 582 1155 ibant,
606 1081 925 1159 prosequentiumque
939 1082 1094 1144 trahentes

110 1161 229 1223 turbam
243 1159 274 1221 in
289 1160 389 1223 iorum
403 1163 444 1223 ad
458 1163 574 1224 curiam
595 1172 806 1240 perrexerunt
828 1173 954 1227 senatus
970 1168 1048 1229 torte
1062 1168 1094 1227 in

110 1245 194 1307 omia
208 1251 288 1306 erat=
316 1261 355 1308 eo
369 1246 488 1321 legatos
501 1249 612 1309 consul
625 1247 802 1310 introduxit
834 1250 876 1310 ibi
889 1257 1006 1311 tantum
1019 1258 1093 1312 tem·

110 1329 196 1407 poris
209 1329 329 1405 retenti,
343 1330 416 1390 dum
431 1338 623 1406 exponerent
637 1338 772 1408 quantae
789 1333 895 1408 regiae
914 1333 1025 1409 copiae
1040 1349 1092 1408 pc·

109 1413 205 1475 ditum
219 1412 419 1489 equitumque
433 1414 579 1489 luissent,
596 1422 673 1490 quot
685 1416 768 1476 mdia
782 1431 823 1477 cx
836 1414 885 1476 his
900 1431 1002 1488 caesa,
1019 1427 1096 1492 quot

109 1497 315 1573 captuiorent,
329 1512 419 1574 quam
432 1514 600 1574 paucomm
606 1498 732 1559 rnilitum
743 1499 859 1560 iactura
870 1499 1093 1571 tantahostium

109 1589 230 1656 strages
244 1582 333 1656 iacta,
349 1597 441 1657 quam
462 1596 532 1642 cum
553 1581 662 1658 paucis
681 1597 738 1642 rex
757 1581 901 1658 fugisset,
926 1582 1092 1644 existimari

109 1664 350 1727 Samothraciam
364 1665 538 1741 petitmum,
554 1671 692 1741 paratam
707 1666 838 1725 classem
853 1667 893 1726 ad
904 1681 1092 1743 persequen-

109 1750 182 1810 dum
196 1765 284 1825 csse,
310 1764 413 1825 neque
436 1758 518 1811 terra
537 1764 640 1825 neque
660 1748 737 1809 mari
752 1749 832 1809 elabi
846 1765 959 1826 possea
985 1751 1093 1812 eadem
1192 1755 1196 1761 ’

107 1835 186 1894 haec
200 1835 294 1909 paulo
309 1840 382 1910 post
394 1834 424 1892 ln
445 1833 620 1894 contionem
639 1833 770 1894 traducti
794 1840 1020 1909 exposuerunt3
1044 1850 1092 1896 re

108 1926 284 1993 novataquc
300 1916 420 1990 laetitia,
436 1932 506 1978 cum
520 1918 628 1978 consul
643 1915 808 1990 affixisset,
829 1924 863 1979 ut
877 1933 984 1979 omnes
998 1919 1093 1979 aedes

109 2018 217 2064 sacrae
232 2001 432 2077 aperirentur,
446 2016 503 2078 pro
518 2017 554 2063 se
570 2002 704 2078 quisquc
717 2016 758 2061 ex
772 2001 915 2062 contione
928 2001 969 2061 ad
979 2002 1093 2075 gratias

109 2086 246 2162 agendas
261 2086 305 2147 ire
320 2084 396 2159 diis,
415 2085 593 2162 ingentique
605 2085 696 2147 turba
709 2101 771 2146 non
781 2084 916 2145 virorum
932 2085 1025 2145 modo
1037 2084 1094 2145 sed

109 2169 201 2231 etiam
215 2170 395 2231 sentinarum
410 2170 548 2231 contenta
561 2176 626 2231 tota
638 2168 717 2229 urbe
738 2169 865 2230 deorum
882 2168 1094 2229 immortalium

109 2253 233 2330 templa.
263 2260 389 2315 senatus
408 2260 573 2315 revocatus
594 2252 764 2313 incuriam
785 2251 1029 2327 supplicationes
1054 2251 1093 2312 ob

107 2336 173 2399 rem
187 2337 310 2415 egregie
320 2344 438 2415 gestam
454 2337 493 2397 ab
505 2337 539 2397 L.
551 2336 682 2398 Aemilio
694 2338 823 2397 consule
834 2333 866 2395 in
877 2335 1015 2411 quinque
1026 2335 1093 2395 dies
1108 2410 1111 2419 Ι

109 2422 192 2484 circa
220 2423 322 2483 omnia
349 2421 521 2498 pulvinaria
545 2420 697 2496 decrevit,
724 2419 898 2496 hostiisque
926 2418 1093 2480 maioribus

109 2505 278 2568 sacrificari
298 2506 397 2569 iussit.
433 2521 530 2567 naves
555 2505 690 2583 quaein
716 2503 816 2566 Tiberi
837 2510 963 2579 paratae
983 2502 1093 2563 instru-

109 2597 240 2666 ctaeque
254 2590 384 2663 stabant
399 2597 434 2652 ut
445 2590 471 2651 si
481 2605 538 2650 rex
549 2598 659 2666 posset
669 2589 824 2662 resistere,
840 2587 1093 2648 inbiacedoniani

108 2673 306 2747 mitterentur,
328 2673 459 2734 subduci
473 2678 505 2733 et
518 2674 548 2733 ln
563 2673 724 2735 navalibus
740 2671 900 2746 collocari,
922 2671 1027 2733 socios
1041 2687 1094 2730 na-

109 2757 197 2815 vales
212 2755 284 2815 dato
300 2771 401 2814 annuo
416 2756 571 2830 stipendio
586 2758 704 2832 dimitti,
718 2763 750 2817 et
764 2772 834 2817 cum
847 2753 897 2814 his
910 2770 1027 2828 omnes,
1044 2754 1095 2830 qui

109 2837 289 2900 inconsciis
304 2837 400 2898 verba
414 2839 603 2909 iuraverant;
630 2846 661 2899 ct
680 2839 764 2914 quod
787 2837 915 2898 militum
930 2838 1094 2916 corcyrae,

109 2918 273 2998 Brundisii,
289 2921 329 2981 ad
343 2936 428 2980 mare
443 2936 592 2995 superam
606 2926 660 2983 aut
674 2919 705 2981 in
719 2936 793 2996 agro
807 2919 942 2981 Larinati
955 2928 1041 2983 esset
1052 2952 1096 2965 —

109 3004 252 3070 omuibus
271 3005 320 3067 bis
341 3005 418 3066 locis
439 3003 611 3080 dispositus
628 3004 782 3065 exercitus
798 3004 912 3077 fuerat,
933 3020 1002 3066 cum
1023 3020 1095 3082 quo,

109 3094 136 3155 si
149 3107 202 3153 res
218 3097 371 3167 posceret,
388 3090 420 3152 c.
434 3086 571 3150 Licinius
587 3089 725 3164 collegae
740 3089 833 3149 ferret
846 3103 953 3164 opem,
977 3123 1014 3134 -
1036 3089 1095 3150 hos

109 3190 217 3241 omnes
238 3175 349 3237 milites
370 3173 479 3236 dimitti
500 3173 626 3250 placuit.
668 3172 851 3248 supplicatio
873 3188 930 3248 pro
951 3173 1096 3235 contione

109 3262 226 3339 populo
247 3260 363 3322 indicta
381 3267 430 3321 est
450 3276 489 3319 ex
510 3254 681 3320 antediem
703 3256 840 3333 quintum
860 3254 932 3319 idus
945 3252 1094 3319 Octobres

110 3360 178 3408 cum
193 3361 231 3406 eo
247 3343 298 3405 dic
311 3345 342 3405 in
358 3344 496 3421 quinque
511 3342 590 3403 dies.

192 3428 243 3489 III.
265 3428 312 3489 Ex
326 3430 449 3508 illyrico
470 3429 531 3488 duo
553 3427 661 3502 legati,
684 3425 716 3486 (i.
735 3425 870 3486 Licinius
889 3422 991 3483 Nerva
1011 3426 1041 3480 et
1060 3418 1094 3479 P.

110 3511 232 3587 Decius,
248 3513 424 3574 nuntiarunt
438 3509 605 3573 exercitum
615 3509 789 3588 lllyriorum
804 3521 938 3580 caesum,
954 3502 1093 3563 Gentium
