2642 4017
293 233 410 295 LIBER
423 234 511 295 XLII.
532 234 616 295 clf.
630 246 675 298 le.
687 245 731 298 41.
754 243 790 311 [ι.
803 243 836 302 C.
847 243 909 310 171]
1037 237 1099 301 163

119 395 194 448 tuos
215 386 315 445 fectae
335 384 433 445 videri
453 392 605 461 possuntt
632 386 770 462 Dolopes
791 402 810 445 a
830 393 860 448 te
880 385 949 463 ipso
970 389 1098 449 evastati

118 475 202 532 sunt.
230 468 382 529 Eumenes
396 482 452 528 rex
470 467 509 528 ab
524 468 620 528 Roma
635 484 704 530 cum
715 471 745 528 in
755 483 882 545 reguum
891 470 1013 544 rediret,
1027 487 1098 547 pro·

118 569 162 632 pe
179 560 210 613 ut
225 551 347 612 victima
361 550 489 628 Delphis
504 551 535 611 in
550 558 670 613 sacrato
685 554 754 613 loco
771 560 841 613 ante
856 569 927 614 aras
941 561 1098 631 mactatus,

119 652 212 714 quem
226 636 379 696 insimulet
397 636 483 711 piget
503 635 633 696 referres
655 651 735 710 quae
754 636 874 713 hospes
894 637 1098 700 Brundisinus

119 721 243 781 occulta
257 719 394 779 facinora
406 719 528 795 iudicet,
543 726 657 781 certum
672 718 771 779 habeo
787 726 818 780 et
835 720 950 797 scripta
963 720 1016 781 tibi
1034 737 1096 783 om·

119 803 174 863 nia
188 802 225 863 eb
241 803 340 863 Rome
356 818 428 863 esse
449 810 480 865 et
499 804 617 878 legatos
640 810 712 864 tuos
732 804 935 866 renuntiasse.
964 804 1040 865 haec
1058 821 1096 865 ne

118 888 294 948 dicerentur
308 902 327 946 a
340 902 403 959 me,
419 903 481 949 uno
497 887 589 947 modo
605 887 700 948 vitare
713 886 853 963 potuisti,
872 903 934 949 non
950 904 1094 963 quaeren-

119 972 178 1043 do,
195 986 284 1044 wem
298 968 338 1030 ob
353 985 478 1030 causam
494 971 647 1031 exercitus
662 970 693 1030 in
707 971 919 1031 Macedoniam
932 971 1096 1035 traicerem

119 1062 186 1126 tur,
201 1060 254 1115 aut
270 1052 427 1129 praesidia
440 1055 472 1130 iu
486 1053 641 1115 sociomm
660 1055 755 1116 urbes
775 1055 972 1116 mitteremus.
1001 1071 1095 1131 quae·

117 1137 197 1197 renti
209 1136 262 1196 libi
277 1136 440 1212 superbius
451 1138 665 1211 meruissemus,
679 1154 772 1212 quam
782 1154 856 1199 vera
866 1138 1095 1215 respondimus.

118 1220 263 1296 equidem
278 1236 336 1296 pro
350 1227 479 1296 patemo
493 1228 599 1282 nostro
613 1220 749 1297 hospitio
764 1222 855 1282 faveo
864 1221 1000 1282 ,orationi
1014 1227 1094 1295 tuae,

117 1312 151 1367 et
163 1311 253 1381 opto,
266 1310 299 1364 ut
313 1304 445 1379 aliquam
459 1304 532 1365 mihi
546 1305 701 1366 materiem
712 1305 863 1381 praebeas
874 1305 1014 1380 agendae
1024 1310 1096 1366 tuae

117 1389 204 1464 apud
219 1395 358 1447 senatum
377 1393 522 1449 causae.“

203 1470 277 1530 XLI.
297 1471 349 1530 Ad
370 1488 407 1531 ea
427 1487 483 1532 rex
509 1471 641 1545 „bonam
667 1487 807 1544 causam,
833 1471 861 1530 si
881 1471 964 1546 apud
979 1471 1095 1531 iudices

117 1570 237 1630 aequos
252 1560 406 1630 ageretur,
421 1555 505 1631 apud
519 1554 647 1616 eosdem
668 1560 698 1614 et
717 1559 914 1615 accusatores
933 1560 964 1613 et
977 1553 1095 1614 iudices

75 1676 84 1687 ·
117 1654 217 1714 egam
246 1654 353 1699 eorum
367 1645 468 1698 eutem
487 1654 566 1713 quae
586 1637 706 1700 obiecta
727 1644 799 1698 suut
818 1636 906 1711 milri,
928 1638 1036 1713 parim
1057 1652 1092 1697 ea

117 1728 205 1797 sunt,
220 1721 332 1797 quibus
347 1722 452 1781 nescio
467 1738 506 1782 an
520 1722 643 1797 gloriari
658 1720 801 1794 debeam,
824 1721 933 1796 panim
954 1737 1034 1798 quae
1050 1721 1092 1781 fa-

116 1804 174 1866 teri
188 1820 250 1865 non
264 1804 457 1880 erubescam,
473 1807 582 1881 partim
597 1819 677 1881 quae
695 1803 790 1864 verbo
806 1803 1030 1866 obiectaverbo
1041 1819 1093 1865 ne.-

110 1892 192 1962 'gare
208 1888 256 1948 sit.
288 1888 362 1964 quid
379 1888 473 1964 enim,
495 1888 522 1949 si
543 1887 664 1964 legibus
686 1888 795 1948 vestris
817 1887 910 1949 hodie
931 1905 1004 1950 reus
1026 1886 1093 1961 sim,

116 1977 170 2031 aut
183 1970 277 2031 iudex
290 1971 495 2033 andisinus
510 1977 562 2032 aut
574 1972 727 2032 Eumenes
750 1970 822 2031 milri
843 1970 970 2045 obiciat,
991 1977 1025 2031 ut
1044 1985 1093 2029 ac·

118 2069 228 2114 cusare
252 2054 355 2130 potius
376 2071 450 2114 vere
471 2071 564 2131 quam
582 2055 747 2115 conviciari
767 2054 950 2115 videanturl
977 2052 1095 2114 scilicet

117 2152 176 2197 nec
188 2136 355 2212 Eumenes,
375 2153 444 2198 cum
460 2146 521 2199 tam
535 2139 636 2199 multis
650 2138 754 2214 gravis
766 2137 887 2214 publice
901 2152 938 2198 ac
952 2136 1093 2213 privatim

116 2221 173 2295 sit,
192 2221 283 2281 alium
299 2238 391 2296 quam
409 2237 460 2281 me
480 2222 633 2283 inimicum
654 2221 776 2291 hebuit;
799 2236 900 2295 neque
920 2236 978 2296 ego
993 2219 1091 2295 potio-

115 2320 181 2364 rem
196 2320 381 2381 quemquam
396 2304 436 2364 ad
450 2304 616 2366 ministeria
627 2306 795 2365 facinorum
808 2321 899 2380 quam
912 2303 1091 2376 Rammium,

116 2402 208 2462 quem
221 2403 323 2464 neque
336 2403 482 2463 umquam
496 2396 567 2449 ante
581 2389 720 2449 videram
740 2403 797 2448 nec
818 2403 902 2448 eram
923 2393 1035 2465 postea
1049 2386 1093 2445 vi·

115 2487 222 2546 surus,
242 2470 380 2532 invenire
400 2472 494 2547 potui.
529 2479 561 2534 et
578 2472 807 2546 Thebanorum,
830 2487 911 2547 quos
933 2468 1091 2544 naufragio

113 2554 235 2632 perisse
248 2560 383 2628 constat,
399 2562 429 2615 et
442 2554 594 2615 Ametauri
616 2556 722 2617 caedis
741 2555 813 2615 mihi
834 2555 994 2617 reddenda
1014 2554 1092 2614 ratio

113 2645 178 2708 est;
196 2639 227 2699 in
247 2654 309 2714 qua
321 2645 423 2698 mmen
438 2638 512 2698 nihil
525 2638 604 2699 ultra
619 2639 749 2700 obicitur
770 2656 862 2714 quarn
880 2640 1090 2701 interfectores

113 2723 180 2782 eius
195 2721 226 2782 in
239 2737 335 2797 reguo
351 2723 514 2781 exsulasse
528 2736 607 2781 meo.
640 2724 727 2783 cuius
744 2723 936 2784 condicionis
950 2722 1089 2798 iniquila-

112 2812 174 2866 tem
189 2806 231 2866 ita
245 2821 306 2865 non
321 2820 391 2866 sum
406 2810 619 2879 recusaturus,
634 2806 661 2866 si
676 2823 734 2868 vos
751 2822 874 2880 quoque
889 2805 1043 2880 accipitis,
1059 2810 1093 2864 ut

113 2890 298 2965 quicumque
312 2888 437 2949 exsules
452 2887 483 2947 in
498 2888 614 2948 Italiam
628 2897 682 2950 aut
699 2891 828 2950 Romam
842 2906 878 2949 se
892 2889 1091 2963 contulerunt,

111 2972 161 3032 his
176 2973 360 3046 facinorum,
375 2978 502 3048 propter
519 2986 599 3046 quae
615 2972 748 3032 damnati
769 2978 855 3046 sunt,
877 2978 1018 3033 auctores
1032 2986 1090 3030 vos

111 3057 209 3117 fuisse
223 3055 386 3116 fateamini.
418 3056 445 3114 si
459 3055 520 3115 hoc
534 3062 565 3116 et
578 3071 635 3116 vos
650 3055 830 3117 recusabitis
845 3061 876 3115 et
889 3071 998 3116 omnes
1012 3053 1091 3113 aliae

111 3147 234 3216 gentes,
250 3156 309 3215 ego
325 3154 451 3217 quoque
470 3139 548 3199 inter
567 3145 689 3201 ceteros
711 3154 775 3200 oro.
802 3146 833 3199 et
851 3138 989 3211 hercule,
1016 3137 1091 3212 quid

111 3223 218 3284 attinet
232 3224 376 3300 cuiquam
392 3224 533 3282 exsilium
544 3228 665 3297 patere,
681 3222 708 3284 si
723 3239 876 3298 nusquam
897 3223 996 3284 exsuli
1010 3223 1090 3280 futu-

110 3322 165 3368 me
179 3309 268 3368 locus
284 3314 353 3368 cstl
381 3322 440 3382 ego
455 3313 556 3367 umen
572 3306 668 3381 istos,
689 3314 723 3368 ut
742 3307 872 3384 primurn
891 3307 922 3367 in
944 3303 1089 3366 Macedo-

110 3390 163 3451 nia
176 3406 249 3453 esse
263 3390 437 3452 admonitus
456 3388 578 3450 avobis
593 3391 744 3467 comperi,
766 3392 931 3467 requisitos
951 3387 1036 3446 abire
1050 3401 1090 3442 ex

111 3489 207 3549 regno
228 3474 320 3550 iussi,
341 3480 372 3534 et
392 3475 423 3534 in
444 3481 625 3549 perpetuum
646 3474 788 3535 interdixi
810 3474 921 3534 fluibus
945 3470 1031 3529 meis.
1058 3473 1089 3527 et

420 3601 422 3603 »
834 3558 888 3616 11*
