2642 4017
265 249 457 311 ΕΡΙΤΟΜΑΕ
471 248 675 310 LIBRORUM
689 249 924 311 cxvi-cxxi.
1020 249 1083 316 ³17

93 402 148 442 elus
169 400 312 453 Capitolium.
332 397 446 439 oblivione
466 397 547 438 deinde
566 397 643 438 caedis
661 398 709 438 elus
723 408 737 437 a
750 400 828 438 senatu
844 397 945 448 decreta,
966 401 1083 444 obsidibus

6 483 7 490 ι
94 455 189 495 Antonii
205 457 228 495 et
241 454 320 507 Lepidi
334 454 413 494 liberis
426 453 527 504 acceptis
541 452 648 492 coniurati
669 452 808 503 acapttolia
823 451 993 498 descenderunt.
1014 458 1081 497 testa-

94 512 174 549 mento
189 508 293 550 Caesaris
307 506 372 547 heres
386 518 415 546 ex
430 510 493 558 parte
508 505 599 547 dimidia
613 507 730 546 institutus
744 505 770 547 C.
786 503 892 546 Octavius
906 509 990 548 wrorls
1004 519 1081 561 nepos,

93 566 119 603 et
135 564 159 604 ln
173 573 253 603 nomen
268 560 389 613 adoptatus
403 563 446 601 est.
466 558 570 601 Caesaris
584 568 666 610 corpus
681 569 729 598 cum
744 560 766 600 ln
781 569 882 613 eampum
896 559 999 600 Martium
1014 560 1082 603 serre·

94 622 148 666 tur‚
164 627 177 657 a
191 616 258 667 plebe
272 618 325 655 aute
337 617 409 655 rostra
423 617 543 654 crematum
557 618 601 657 est.
622 613 745 653 dictaturae
763 610 835 653 honos
849 614 870 652 ln
886 616 1016 666 perpetuum
1030 617 1083 656 sub·

94 671 159 712 latus
173 673 216 711 est.
232 669 258 709 C.
274 670 387 717 Amatlus,
402 666 538 708 humillimae
552 667 621 708 sortis
635 666 712 717 bomo,
729 667 767 719 qui
781 676 806 708 se
820 664 846 708 C.
862 667 928 708 Marii
943 667 1012 708 lilium
1025 668 1081 709 iere·

94 724 144 774 bat,
160 735 209 763 cum
224 723 285 775 apud
300 721 411 762 credulam
426 721 515 775 plebem
529 720 653 762 seditiones
668 724 774 771 moveret,
791 724 884 761 necatus
898 726 941 762 est.

152 776 238 818 cxvii.
254 775 280 821 C.
289 776 397 818 Octavius
409 777 501 818 Romam
515 787 543 816 ex
557 774 627 827 Epiro
642 775 705 815 venit
718 778 756 826 leo
772 776 829 815 enlm
845 774 908 815 litum
923 776 1006 818 caesar
1020 787 1082 829 prae·

94 834 200 881 miserat,
216 829 300 871 bellum
315 830 336 869 in
351 828 481 870 Macedonia
495 831 620 881 gesturus),
639 829 795 880 ominibusque
809 830 923 882 prosperis
938 832 1046 882 exceptos
1060 833 1082 872 et

94 896 177 926 nomen
193 884 296 927 caesaris
309 884 413 936 sumpsit.
433 885 455 924 in
471 883 601 925 confusione
616 894 688 924 rerum
703 893 729 923 ac
743 883 840 924 tumultu
854 882 954 935 Lepidus
967 884 1081 936 pontifica-

93 944 143 981 tum
159 939 277 979 maximum
291 938 415 989 intercepit.
429 936 471 978 sed
485 937 515 978 Μ.
528 938 638 979 Antonius
652 938 731 979 consul
747 948 795 978 eum
810 938 946 989 impotenter
959 937 1081 982 dominare·

88 998 146 1041 tur,
166 992 283 1045 legemque
298 991 325 1032 de
340 992 503 1043 permutatione
517 991 681 1044 provinciarum
696 1001 737 1044 per
750 993 795 1032 vim
809 991 910 1040 tulisset,
927 995 950 1032 et
964 991 1082 1034 Genauam

94 1046 540 1150 iiii⁰ulittt¹l0lti¹„iiiiii
553 1045 1081 1153 bilbili,illlilltiii'i‘tii'ililit

94 1166 134 1196 rus
156 1154 266 1195 deductos
287 1156 309 1195 tn
331 1154 430 1195 colonias
451 1157 569 1196 veteranos
591 1154 708 1198 excitavit.
729 1154 831 1206 legiones
852 1164 941 1206 quoque
959 1158 1038 1208 quarta
1058 1156 1081 1196 et

94 1210 177 1252 ittartia
191 1211 255 1261 signa
265 1209 293 1248 ab
305 1208 402 1251 Antonio
417 1208 445 1249 ad
456 1208 574 1250 Caesarem
589 1207 696 1250 tulerunt.
712 1206 793 1249 delude
807 1211 831 1248 et
844 1209 971 1261 complures
984 1209 1081 1250 saevitis

94 1264 129 1308 Μ.
144 1264 248 1311 Antonii,
264 1265 346 1315 passim
361 1264 382 1304 iu
398 1263 478 1303 eastris
492 1263 539 1303 auis
553 1262 687 1303 trucidantis
702 1262 740 1314 qul
755 1263 856 1314 suspecti
870 1265 941 1313 eraut,
956 1262 985 1303 ad
999 1262 1079 1304 Caesa·

95 1328 143 1358 rem
157 1316 307 1357 desciverunt.
327 1316 356 1357 u.
371 1316 461 1365 Brutus,
476 1319 500 1356 ut
515 1315 600 1369 petenti
615 1316 751 1367 cisalpinam
767 1314 863 1356 Galliam
877 1317 972 1358 Antonio
986 1316 1081 1357 obsiste·

95 1375 143 1420 ret,
162 1371 269 1411 illutinam
283 1381 332 1409 cum
347 1371 447 1410 exercitu
462 1370 587 1422 occupavit.
607 1374 723 1422 praeterea
742 1368 865 1409 discursum
880 1370 1081 1423 utriusquepartis

96 1425 195 1464 virorum
208 1423 237 1464 ad
250 1422 394 1476 accipiendae
408 1425 534 1475 provincias
547 1426 714 1475 apparatusque
729 1420 784 1463 belli
798 1424 905 1463 continet.

151 1476 246 1518 cxviii.
265 1477 297 1518 Μ.
317 1476 399 1516 Brutus
417 1478 440 1517 ln
462 1476 556 1517 umecta
572 1478 614 1517 eub
633 1478 753 1530 praetextu
773 1476 806 1516 rel
827 1476 930 1528 publicae
944 1477 967 1514 et
980 1473 1080 1526 suscepti

95 1540 174 1573 contra
189 1532 219 1573 Μ.
232 1531 353 1571 Antonium
372 1529 426 1571 belli
447 1532 580 1578 exercitum,
601 1531 636 1571 cui
651 1530 753 1571 Vatinius
768 1532 882 1581 praeerat,
901 1539 951 1570 cum
965 1528 1080 1580 provincia

96 1587 119 1626 in
135 1586 268 1636 potestatem
283 1593 345 1625 suam
360 1582 454 1637 redegit.
471 1585 497 1628 c.
506 1583 604 1635 Caesari,
621 1583 659 1635 qul
676 1594 716 1636 pro
731 1583 858 1635 republica
873 1594 934 1623 arma
947 1584 1079 1633 sumpserat,

96 1640 247 1693 propraetoris
261 1639 377 1690 imperium
395 1647 409 1677 s
428 1641 506 1679 senatu
522 1637 596 1678 datum
612 1640 647 1679 cst
661 1648 711 1678 cum
725 1636 880 1677 consularibus
895 1637 1029 1677 ornamentis
1042 1634 1080 1674 ad·

97 1695 237 1744 lectumque,
253 1693 277 1731 ut
290 1694 381 1732 senator
395 1694 463 1732 esset.
478 1693 508 1733 Μ.
524 1693 634 1733 Antonius
647 1691 678 1733 D.
694 1693 785 1733 Brutum
799 1690 899 1732 Mutinae
913 1689 1015 1738 obsedit;
1030 1690 1079 1728 mia

12 1790 14 1794 ,
94 1749 162 1799 sique
179 1746 208 1787 ad
227 1757 278 1785 eum
297 1756 310 1784 a
323 1747 403 1785 senatu
418 1745 485 1797 legati
507 1745 536 1785 de
550 1756 605 1798 pace
620 1757 698 1798 parum
713 1744 804 1786 adeam
819 1743 991 1798 componendam
1007 1745 1080 1783 salue·

96 1804 154 1842 runt.
179 1800 276 1852 populus
296 1799 410 1841 Romanus
430 1809 484 1851 saga
505 1799 608 1852 sumpsit.
629 1800 660 1842 Μ.
681 1802 763 1841 Brutus
782 1800 805 1839 in
824 1799 895 1852 Epiro
916 1798 942 1844 C.
960 1798 1079 1839 Antonium

99 1858 227 1949 ⁹¹⁸⁶&er
239 1854 406 1949 Ἑωτῗῖἷζιῗῗῖιῖ
418 1864 447 1948 ¹1³1?
448 1854 893 1949 'iiii'rssffiie‘i'f'ffffibnmamm
907 1909 949 1948 en.
968 1907 996 1946 oe
1011 1906 1034 1945 ιι
1048 1905 1079 1945 ιι.

97 1963 161 2002 cinus
175 1959 295 2002 Dolabella
313 1972 327 2001 a
344 1964 424 2002 senatu
445 1960 518 2002 bostis
538 1961 649 2003 iudicatus
664 1965 706 2003 est.
726 1974 776 2003 cum
789 1962 863 2003 Pansa
877 1960 955 2002 consul
970 1959 1028 2001 male
1041 1958 1079 1999 ed·

98 2025 175 2055 versus
193 2015 312 2056 Antonium
332 2019 464 2068 pugnasset,
485 2017 511 2059 Α.
530 2016 615 2057 Hirtius
634 2015 713 2056 consul
732 2028 781 2058 cum
799 2015 899 2056 exercitu
919 2012 1081 2067 superveniens

98 2069 154 2110 lueis
167 2070 199 2110 Μ.
211 2069 300 2110 Antonii
315 2069 386 2121 copiis
400 2070 510 2110 fortunam
526 2072 643 2121 utriusque
656 2071 727 2122 partis
740 2072 854 2122 aequavit.
870 2069 943 2109 victus
957 2065 1038 2108 deinde
1052 2066 1080 2104 ab

97 2124 169 2164 lllrtlo
184 2125 206 2163 et
221 2123 318 2165 caesare
331 2124 442 2164 Antonius
461 2125 484 2164 ln
499 2123 594 2164 Galliam
610 2125 722 2175 confugit,
742 2128 765 2166 et
778 2124 809 2165 Μ.
824 2123 932 2176 Lepidum
947 2133 996 2162 cum
1010 2119 1079 2170 legio·

98 2179 173 2225 tibus,
194 2187 251 2229 quae
273 2178 314 2218 sub
335 2179 385 2230 ipso
401 2181 475 2228 erant,
496 2177 539 2218 sibl
554 2179 639 2228 lunxit,
657 2177 774 2230 hostisque
788 2190 802 2219 a
820 2180 900 2218 senatu
914 2188 963 2217 cum
977 2174 1080 2215 omnibus

98 2234 136 2283 qul
151 2231 210 2271 intra
225 2230 337 2283 praesidia
350 2233 399 2272 eius
413 2233 490 2272 essent
503 2231 614 2273 ludicatus
628 2234 670 2273 eat.
684 2235 712 2275 A.
727 2233 824 2281 Hirtius,
845 2232 883 2285 qui
899 2233 950 2283 post
964 2227 1079 2269 victoriam

97 2289 119 2326 in
134 2286 190 2337 ipsis
204 2284 301 2326 bostium
315 2285 396 2326 castris
411 2285 534 2335 ceciderat,
555 2289 578 2326 et
592 2285 617 2327 C.
632 2285 707 2327 Pansa
723 2288 853 2336 evaluere,
874 2284 934 2337 quod
950 2286 972 2324 in
986 2282 1078 2323 adverse

98 2339 180 2392 proelio
201 2342 333 2391 exceperat,
354 2338 485 2388 defunctus,
504 2340 527 2380 ln
547 2351 625 2392 campo
645 2341 726 2382 Martio
745 2340 829 2393 sepulti
848 2344 907 2381 sunt.
926 2338 1035 2379 adversus
1049 2337 1076 2379 c.

98 2395 225 2442 caesarem,
245 2393 284 2445 qni
297 2392 360 2433 solus
374 2405 387 2433 e
402 2395 472 2433 tribus
488 2393 581 2435 ducibus
594 2398 724 2446 supererat,
744 2406 820 2447 parum
835 2396 910 2446 gratus
924 2395 1017 2433 senatus
1030 2389 1079 2438 luit,

98 2448 135 2500 qul
154 2447 185 2487 Ι).
201 2448 270 2488 Bruto
289 2447 405 2488 obsidione
419 2448 541 2488 Mutinensi
562 2460 576 2488 a
590 2449 686 2490 Caesare
706 2448 799 2489 llberato
819 2447 902 2488 honore
922 2443 1027 2497 triumphi
1041 2442 1078 2483 de·

99 2504 171 2549 creto,
190 2501 293 2543 Caesaris
311 2500 450 2553 militumque
472 2502 521 2542 etue
539 2503 674 2543 mentionem
694 2513 738 2543 non
756 2504 813 2543 eatis
832 2505 916 2555 gratam
937 2499 1029 2548 babuit,
1050 2497 1079 2537 ob

99 2567 154 2607 quaa
168 2555 193 2597 C.
209 2554 298 2605 Caesar,
313 2556 456 2597 reconciliata
470 2556 549 2608 perid.
557 2556 665 2608 Lepidum
680 2567 729 2597 cum
744 2557 775 2598 Μ.
783 2557 880 2598 Antonio
894 2556 972 2607 gratia,
987 2553 1079 2595 Romam

99 2621 145 2649 curn
159 2610 259 2649 exercitu
275 2610 345 2659 venit,
366 2612 388 2650 et
406 2611 518 2702 perculsis
532 2609 630 2651 adventu
645 2612 694 2651 elus
709 2611 748 2659 ils,
769 2612 843 2663 quiin
858 2621 907 2651 eum
922 2609 993 2660 iniqui
1008 2607 1073 2653 erant,

99 2674 145 2702 uum
159 2673 228 2702 annos
243 2662 395 2704 novemdecim
426 2665 508 2713 aberet,
524 2666 601 2705 consul
616 2667 704 2706 oreatus
718 2668 761 2705 est.

150 2715 216 2757 CXX.
236 2714 318 2756 Caesar
331 2716 409 2756 consul
424 2716 496 2769 legem
511 2718 562 2758 tulit
576 2718 604 2758 de
619 2720 751 2771 quaestione
764 2717 868 2759 habenda
882 2719 904 2759 in
920 2728 969 2766 eos,
986 2724 1076 2768 quorum

98 2769 783 2867 itii.titt„tf:'tii„tiieritli‘ttitt„liilt
795 2773 885 2866 iiiii:
900 2770 1078 2877 ξιιὲΐὲἓὲιῗῖ.

99 2880 121 2917 et
135 2876 248 2916 liunatius
262 2874 359 2916 Plancus
372 2888 422 2916 cum
437 2878 571 2918 exercitibus
585 2878 634 2918 suis
653 2878 751 2919 adiuncti
765 2879 922 2930 ampliaseent,
942 2881 965 2919 et
978 2877 1009 2922 D.
1024 2878 1078 2918 Bru-

99 2936 145 2979 tus,
160 2932 194 2970 eui
210 2932 301 2970 senatus
315 2934 340 2969 ut
354 2934 526 2982 persequeretur
541 2932 660 2972 Antonium
675 2932 829 2981 mandaverat,
852 2933 944 2974 relictus
959 2944 972 2972 a
987 2932 1078 2983 legioni·

100 2985 138 3024 bus
151 2985 200 3024 suls
214 2983 361 3035 profugisset,
382 2985 444 3023 iussu
458 2985 561 3034 Antonii,
576 2986 598 3025 ln
613 2987 676 3025 culus
691 2987 824 3037 potestttem
840 2989 944 3036 venerat,
959 2998 973 3025 a
987 2984 1078 3037 Capeno

100 3038 201 3089 sequano
216 3037 345 3078 interiectus
360 3040 404 3078 est.
420 3038 445 3083 c.
462 3038 545 3079 Caesar
558 3050 634 3090 pacem
650 3050 699 3079 cum
713 3040 810 3081 Antonio
826 3044 849 3081 et
862 3040 948 3093 Lepido
964 3040 1030 3090 lecit,
1046 3041 1078 3081 ita

100 3096 122 3133 ut
135 3092 224 3134 tresviri
243 3092 275 3132 rei
297 3092 399 3143 publicae
419 3092 589 3134 constituendae
603 3104 644 3146 per
658 3095 834 3145 quinquennium
848 3097 924 3135 essent
939 3095 987 3149 ipse
1001 3097 1024 3134 et
1037 3094 1078 3135 Le·

100 3145 162 3200 pidus
176 3149 199 3186 et
212 3145 334 3195 Antonius,
354 3148 377 3187 et
391 3149 415 3186 ot
429 3155 482 3186 suos
496 3146 592 3199 quisque
611 3148 712 3188 inimicos
727 3149 901 3200 proscriberente
920 3150 943 3189 ln
962 3159 1007 3200 qua
1027 3160 1077 3200 pro·

98 3201 215 3254 scriptione
235 3200 325 3252 plurimi
344 3202 432 3252 equites
446 3201 552 3248 Romani,
572 3204 660 3241 eentum
679 3202 772 3254 triginta
785 3206 912 3244 senatorum
926 3205 1015 3244 nomina
1030 3203 1077 3242 lue·

99 3257 152 3303 runt,
168 3258 190 3294 et
204 3256 263 3295 luter
277 3263 317 3295 eos
330 3255 356 3298 b.
369 3254 434 3295 Pauli
449 3254 526 3295 iratrls
539 3256 571 3300 Μ,
585 3255 672 3307 Lepidi,
688 3259 714 3296 et.
722 3257 748 3301 l..
758 3257 859 3300 Caesaris
866 3258 957 3298 Antonii
964 3254 1076 3303 avunculi,

99 3311 120 3349 et
132 3310 163 3349 Μ.
175 3309 295 3350 Ciceronis.
310 3307 376 3349 buius
391 3309 458 3349 occisi
471 3320 485 3348 a
495 3308 591 3363 Popillio
606 3309 727 3361 legionario
741 3310 819 3361 milite,
835 3323 884 3352 cum
899 3309 992 3352 baberet
1005 3318 1076 3349 aranos

99 3364 209 3413 sexaginta
223 3367 276 3412 tres,
293 3365 360 3416 eaput
375 3373 467 3414 quoque
481 3374 530 3403 cum
545 3362 623 3404 dextra
637 3375 702 3403 manu
716 3366 738 3405 in
753 3366 832 3407 rostris
846 3368 943 3419 positum
954 3367 996 3406 est.
1013 3373 1074 3414 prae·

99 3419 155 3456 terea
168 3426 205 3456 res
219 3427 232 3457 a
246 3416 277 3458 Μ.
291 3418 360 3457 Bruto
374 3417 397 3457 ln
412 3416 505 3458 Graecia
519 3421 594 3470 gestas
608 3418 715 3459 eontinet.

148 3469 225 3512 cxxi.
246 3470 271 3514 Β.
287 3470 390 3520 Cassius,
405 3471 441 3511 cui
456 3471 583 3512 mandatum
597 3484 611 3511 a
624 3475 703 3512 senatu
718 3474 778 3521 erat,
794 3475 817 3511 ut
832 3468 973 3512 Dolabellam
988 3467 1074 3508 boetem

100 3522 214 3564 iudicatum
229 3524 288 3565 bello
303 3528 487 3578 persequeretur,
507 3526 684 3568 auctoritateret
704 3525 808 3580 publicae
821 3524 911 3565 adiutus
925 3522 1011 3574 symm
1027 3532 1074 3562 cum
