2642 4017
239 255 303 319 200
419 255 535 316 LIBER
548 254 639 314 XLV.
661 253 745 313 CAP.
759 261 786 316 8.
799 261 825 316 9.
842 260 878 326 [a.
892 257 924 310 U.
938 275 962 310 c.
975 258 1038 325 584]
1089 260 1095 273 “

240 424 292 470 ma
306 406 496 483 percontatio
514 405 578 477 fuit,
594 420 654 480 qua
670 403 816 465 subactus
830 402 941 465 iniuria
955 410 1061 464 oontm
1075 405 1224 479 populum

238 493 410 552 Romanum
423 490 536 550 bellum
552 496 612 550 tam
626 488 739 549 infesto
755 487 855 550 animo
878 487 1085 562 suscepisset,
1110 504 1173 563 quo
1188 505 1224 550 se

238 589 429 650 regnumque
445 589 536 634 suum
550 572 590 632 ad
605 572 743 632 ultimum
757 569 920 632 discrimen
943 570 1121 632 adduceret
1154 587 1222 634 cum

238 674 425 734 responsum
440 655 691 733 exspectantibus
715 654 834 717 cunctis
847 662 959 715 terram
973 655 1096 717 intuens
1113 653 1166 715 diu
1179 663 1219 716 ta-

239 741 316 803 citus
332 741 429 816 fleret,
443 757 565 801 rursum
580 740 689 800 consul
703 736 750 812 „si
760 738 880 800 iuvenis
889 753 1016 813 regnum
1031 739 1220 814 accepisses,

238 824 337 886 minus
359 825 502 901 equidem
523 822 650 884 mirarer
672 823 834 898 ignorasse
858 828 897 897 te,
927 837 1019 897 quam
1043 822 1147 897 gravis
1171 830 1223 884 aut

239 909 354 970 amicus
369 914 421 968 aut
434 907 573 968 inimicus
588 914 673 968 esset
690 907 825 982 populus
839 906 1013 968 Romanusa
1035 922 1119 966 nunc
1140 923 1221 983 vero,

238 1008 307 1052 cum
317 997 348 1051 et
360 991 441 1051 bello
454 991 549 1065 patris
564 991 616 1066 tui,
631 990 716 1066 quod
728 989 889 1051 nobiscum
898 988 1005 1065 gessit,
1018 989 1219 1064 interfuisses,

237 1082 268 1134 et
282 1073 369 1149 pacis
384 1081 504 1149 postea,
519 1089 692 1148 quomrum
704 1089 824 1135 summa
836 1073 899 1134 fide
912 1073 1064 1134 adversus
1084 1089 1156 1133 eum
1170 1090 1221 1134 oc·

239 1154 361 1231 luimus,
376 1156 579 1230 meminisses,
595 1158 680 1234 qnod
695 1156 865 1233 consilium,
881 1173 1012 1231 quorum
1024 1163 1054 1217 et
1067 1154 1129 1216 virn
1141 1157 1221 1220 bello

238 1246 268 1301 et
281 1240 375 1302 iidem
389 1242 419 1300 in
437 1257 516 1317 pace
530 1248 678 1317 expertus
692 1255 791 1315 esses,
812 1255 881 1301 cum
898 1239 936 1301 iis
950 1238 1006 1300 tibi
1020 1239 1134 1301 bellum
1149 1256 1220 1302 esse

237 1341 329 1401 quam
354 1340 465 1401 pacem
489 1326 624 1386 mallem
666 1340 724 1385 nec
744 1324 948 1400 interrogatus
973 1341 1032 1387 nec
1056 1332 1221 1386 accusatus

238 1425 308 1470 cum
322 1409 534 1484 responderet,
551 1416 737 1485 „utcumque
751 1415 852 1469 tamen
864 1408 951 1485 haec,
966 1408 1034 1469 sive
1045 1424 1152 1468 errore
1166 1409 1219 1470 hu-

237 1508 327 1554 mano
340 1508 397 1554 seu
411 1508 487 1554 casu
498 1507 555 1553 seu
567 1492 752 1555 necessitate
762 1491 940 1566 inciderunt,
956 1492 1072 1554 bonum
1087 1490 1220 1554 animum

236 1578 325 1638 habe.
358 1577 521 1639 multorum
539 1592 646 1654 regum
667 1577 851 1652 populorum
875 1574 1000 1638 casibus
1023 1576 1145 1652 cognita
1164 1594 1220 1653 po·

236 1660 300 1736 puii
320 1658 451 1722 Romani
473 1658 633 1721 clementia
654 1676 715 1720 non
735 1659 829 1720 modo
851 1674 938 1734 spem
952 1658 1021 1737 tibi,
1043 1661 1101 1721 sed
1121 1676 1221 1738 prope

237 1750 350 1803 certam
370 1744 513 1805 fiduciam
528 1744 634 1806 salutis
649 1743 813 1820 praebet.“
847 1743 925 1805 haec
939 1744 1057 1806 Graeco
1076 1759 1220 1806 sermone

234 1826 365 1888 Persem
386 1827 491 1888 Latine
506 1828 618 1889 deinde
633 1827 698 1888 suis
722 1873 740 1902 „
749 1828 923 1904 exemplum
939 1827 1060 1902 insigne
1075 1827 1221 1890 cemitis“

233 1908 331 1986 inquit
346 1911 865 1986 „mutationisrcrumhumanarum
880 1910 1041 1972 nobishoc
1052 1912 1221 1988 praecipue

235 1994 315 2068 dico,
332 1995 470 2057 iuvenes.
506 1994 578 2056 ideo
593 1995 624 2055 in
638 1994 785 2056 secundis
796 1995 889 2056 rebus
901 1993 974 2054 nihil
986 1995 1017 2055 in
1033 2010 1218 2071 quemquam

235 2079 369 2154 superbe
383 2095 420 2140 ac
435 2079 584 2140 violenter
599 2080 763 2140 consulere
782 2078 886 2152 decet,
907 2093 964 2138 nec
978 2080 1136 2154 praesenti
1151 2095 1219 2139 ore·

234 2163 308 2222 dere
322 2164 472 2234 fortunae,
494 2170 565 2224 oum
580 2163 654 2238 quid
668 2177 783 2238 vesper
796 2162 873 2223 ierat
887 2159 1036 2223 incertum
1051 2160 1101 2224 sit.
1123 2164 1150 2222 is
1165 2162 1219 2223 de·
1306 2206 1317 2219 ,

234 2261 316 2305 mum
343 2245 391 2307 vir
412 2245 482 2320 erit,
508 2245 596 2307 cuius
616 2246 749 2308 animum
771 2259 872 2322 neque
893 2260 1044 2320 prospera
1063 2244 1138 2307 flatu
1160 2261 1218 2306 suo

233 2327 342 2390 efferet
363 2346 420 2390 nec
440 2330 572 2390 adversa
592 2329 766 2404 infringet.“
800 2326 930 2390 consilio
957 2327 1086 2391 dimisso
1111 2329 1220 2390 tuendi
1310 2338 1315 2353 ¹

234 2428 309 2474 cura
323 2414 405 2488 regis
422 2413 455 2486 Q.
471 2411 560 2473 Aelio
575 2412 744 2473 mandatur.
772 2427 809 2473 eo
826 2411 876 2473 die
891 2419 922 2473 et
933 2410 1079 2475 invitatus
1094 2412 1134 2474 ad
1145 2429 1219 2474 con·

234 2499 331 2557 sulem
349 2495 482 2555 Perseus
495 2503 526 2555 et
539 2493 618 2555 alius
640 2495 739 2557 omnis
765 2497 793 2555 ei
811 2496 911 2558 bonos
929 2494 1052 2558 babitus
1074 2504 1136 2570 est,
1165 2500 1220 2572 qui

234 2578 340 2638 haberi
363 2579 394 2636 in
416 2577 467 2637 tali
488 2578 610 2638 fortuna
627 2585 756 2653 poterat.
796 2580 951 2643 exercitus
972 2581 1084 2645 deinde
1112 2581 1143 2640 in
1171 2581 1217 2640 hi-

235 2662 328 2720 berna
357 2659 502 2721 dimissus
530 2668 587 2721 est.
633 2662 684 2723 IX.
712 2663 876 2725 maximam
909 2670 1028 2741 partem
1060 2664 1218 2740 copiarum

232 2743 437 2819 Amphipolis,
452 2744 587 2822 reliquas
602 2746 797 2824 propinquae
814 2749 908 2811 urbes
923 2755 1118 2825 acceperunt.

316 2828 374 2888 Hic
385 2828 456 2890 iinis
468 2829 549 2903 belii,
563 2846 631 2893 cum
647 2830 878 2909 quadriennium
886 2831 1062 2894 continuum
1072 2831 1217 2892 bellatum

233 2920 326 2985 esset,
342 2913 421 2976 inter
433 2915 591 2977 Romanos
607 2932 643 2977 ac
656 2916 768 2977 Persea
783 2916 847 2990 inii,
870 2915 1015 2991 idemque
1030 2914 1100 2975 finis
1111 2914 1215 2976 incluti

233 3011 290 3070 per
301 2996 444 3075 Europae
465 3001 645 3075 pierumque
667 3006 757 3074 atque
772 3000 876 3060 Asiam
900 3014 1020 3060 ornnem
1040 2999 1135 3074 regni.
1171 2997 1212 3059 vi·
1296 3066 1302 3077 ,

233 3080 381 3141 cesimum
394 3082 433 3142 ab
440 3081 567 3157 Carano,
584 3083 636 3159 qui
650 3083 767 3159 primus
782 3083 937 3158 regnabat,
953 3079 1067 3143 Persea
1076 3097 1215 3144 numera·

231 3161 315 3223 bant.
352 3162 482 3225 Perseus
505 3165 539 3240 0.
564 3164 671 3228 Fulvio
690 3167 723 3225 L.
743 3165 857 3226 Manlio
884 3165 1065 3228 consulibus
1087 3181 1216 3241 regnum

232 3248 367 3323 accepit,
389 3264 408 3307 a
426 3255 536 3310 senatu
555 3265 611 3309 rex
631 3257 681 3310 est
699 3248 873 3324 appellatus
889 3249 931 3314 Μ.
946 3249 1033 3311 iunio
1047 3249 1085 3310 Α.
1101 3248 1214 3309 Manlio

233 3330 422 3405 consulibus,
437 3330 577 3406 regnavit
587 3332 729 3393 undecim
741 3348 849 3394 annos.
870 3332 1074 3395 Macedonum
1086 3348 1216 3408 regnum

231 3414 366 3476 obscura
387 3415 549 3475 admodum
572 3416 652 3475 tama
671 3432 774 3491 usque
798 3415 837 3476 ad
861 3415 1034 3492 Philippum
1061 3417 1216 3495 Amyntae

231 3495 325 3558 titium
347 3500 411 3560 init.
455 3498 527 3557 inde
551 3512 587 3558 ac
613 3513 670 3574 per
694 3514 765 3560 cum
788 3514 928 3560 crescere
954 3514 1024 3559 cum
1049 3500 1216 3575 coepisset,
