2642 4017
269 237 390 299 LIBER
403 238 534 299 XXXIX.
558 235 639 296 CAP-
653 243 698 299 29.
710 244 755 300 30.
777 244 814 313 [a.
827 247 860 301 C.
874 248 936 313 tta]
1055 242 1095 306 27

105 398 260 469 portasset
278 391 497 467 triumpharet,
519 391 578 452 nisi
592 392 795 468 perdomitam
809 401 1012 471 pacatamque
1025 413 1096 473 pro·

105 475 233 536 vinciam
245 475 434 536 tradidisset
444 476 629 537 successori.
650 476 771 537 medius
784 482 886 537 tamen
899 476 1000 539 honos
1013 478 1096 540 Man·

104 560 143 620 iio
163 559 307 634 habitus,
331 564 367 620 ut
380 574 479 621 ovans
499 559 606 619 urbem
626 557 724 620 iniret
753 560 820 621 tulit
840 575 973 621 coronas
987 577 1097 624 aureas

104 643 334 719 quinquaginta
348 643 441 718 duas,
463 642 527 704 auri
542 647 701 718 praeterea
715 643 821 719 pondo
841 650 963 705 centum
977 644 1098 721 triginta

103 726 176 799 duo,
198 727 328 801 argenti
350 726 486 787 sedecim
506 725 589 786 milia
609 733 762 802 oscena,
786 734 817 788 et
837 728 1043 803 pronuntiavit
1066 730 1096 789 in

102 817 208 870 senatu
232 811 350 870 decem
371 809 452 870 milia
478 810 584 885 pondo
610 811 728 885 argenti
749 817 779 873 et
800 813 956 888 octoginta
974 812 1041 874 auri
1061 813 1095 889 Q.

101 891 227 954 Fabium
251 900 455 969 quaestorem
475 893 647 954 advehere:
666 893 698 953 id
714 910 838 971 quoque
852 910 888 957 se
901 895 932 956 in
947 896 1096 958 aerarium

102 974 286 1038 delatutum.

180 1060 324 1136 Magnus
345 1066 447 1122 motus
468 1058 591 1122 servitis
612 1076 651 1124 eo
673 1078 752 1123 anno
774 1063 805 1123 in
818 1063 933 1140 Apulla
949 1063 1013 1126 tuit
1039 1065 1096 1125 'l'a-

102 1151 219 1205 rentum
241 1143 439 1221 provinciam
453 1145 486 1204 L.
500 1143 677 1206 Postumius
699 1154 822 1222 praetor
839 1146 981 1209 habebat
1008 1146 1037 1209 is
1056 1149 1096 1209 de

101 1234 263 1299 pastorum
297 1227 525 1304 coniuratione,
555 1229 608 1304 qui
632 1229 700 1289 vias
723 1228 891 1292 latrociniis
916 1246 1096 1307 pascuaque

101 1309 223 1383 publica
244 1312 366 1373 intesta
384 1312 568 1387 habuerant,
590 1312 803 1388 quaestionem
824 1329 934 1377 severe
949 1315 1095 1375 exercuit

102 1392 141 1453 ad
155 1402 282 1469 septem
297 1390 382 1457 milia
401 1396 557 1457 hominum
572 1397 802 1459 condemnavitz
824 1396 909 1459 multi
923 1397 995 1458 inde
1010 1398 1094 1473 iuge·

101 1482 185 1551 mnt,
208 1480 251 1538 de
271 1480 379 1542 multis
400 1486 554 1556 sumptum
575 1488 624 1542 est
643 1480 838 1557 supplicium.
875 1481 1020 1542 consules
1043 1479 1096 1542 diu

103 1561 209 1621 retenti
238 1564 283 1624 ad
303 1564 412 1625 urbem
437 1564 597 1625 dilectibus
622 1565 746 1626 tandem
772 1565 804 1625 in
824 1564 1000 1641 provincias
1022 1578 1094 1639 pro·

104 1642 172 1704 fecti
186 1654 271 1708 sunt

28 1799 31 1806 Δ
184 1728 282 1792 XXX.
305 1731 424 1791 Eodem
438 1747 517 1793 anno
535 1731 566 1791 in
581 1730 732 1805 Hispania
746 1738 905 1806 praetores
921 1730 953 1791 C.
968 1732 1093 1808 calpur-

106 1809 171 1870 nius
193 1821 225 1875 et
237 1815 274 1874 L.
292 1813 465 1889 Quinctius,
486 1831 556 1876 cum
576 1813 676 1890 primo
696 1830 770 1874 vere
784 1829 824 1873 ex
837 1814 972 1876 hibernis
987 1815 1094 1891 copias

106 1893 231 1958 eductas
253 1899 287 1959 in
303 1898 446 1959 Baeturia
465 1896 654 1969 iunxissent,
677 1897 707 1957 in
724 1896 950 1972 carpetaniam,
969 1898 1022 1958 ubi
1040 1898 1093 1959 ho·

108 1974 195 2037 stium
210 1989 318 2044 castra
332 1988 427 2053 erant,
443 1980 602 2057 progressi
614 1988 694 2055 sunt,
709 1979 863 2042 communi
878 1980 979 2041 animo
994 1982 1094 2041 consi·

107 2055 208 2135 linque
229 2063 334 2141 parati
353 2080 418 2124 rem
438 2080 555 2139 gerere.
586 2064 670 2126 haud
689 2066 799 2142 procul
811 2065 933 2142 Dipone
946 2072 977 2125 et
989 2063 1094 2126 Toleto

108 2143 230 2209 rubibus
257 2150 339 2211 inter
362 2148 559 2225 pabulatores
583 2163 688 2225 pugna
712 2155 779 2211 orta
803 2153 864 2223 est,
891 2149 1002 2226 quibus
1022 2149 1094 2209 dum

109 2226 259 2306 utrimque
281 2232 461 2293 subvenitur
475 2249 494 2293 a
508 2232 633 2307 castris,
652 2232 797 2309 pautatIm
817 2247 925 2293 omnes
940 2233 1049 2309 copiae
1063 2234 1093 2293 in

110 2310 201 2373 aciem
223 2318 355 2377 eductae
376 2323 455 2378 sunt.
490 2316 521 2392 in
536 2331 574 2377 eo
595 2315 788 2377 tumultuario
803 2315 967 2376 certamine
982 2322 1013 2375 et
1025 2318 1095 2376 loca

110 2407 164 2454 sua
178 2405 208 2457 et
222 2415 324 2475 genus
345 2414 468 2474 pugnae
482 2416 539 2476 pro
553 2399 643 2460 hoste
657 2401 752 2461 ruere.
787 2398 849 2460 duo
865 2398 1018 2460 exercitus
1033 2398 1093 2459 Ro·

109 2481 186 2540 mani
199 2482 264 2544 iusi
279 2489 370 2557 atque
384 2483 415 2542 in
427 2489 529 2545 castra
539 2483 691 2558 compulsi
702 2488 781 2544 sunt.
804 2499 866 2543 non
877 2479 1014 2543 institere
1025 2496 1093 2557 per·

111 2563 202 2625 enisis
218 2566 338 2629 hostes.
365 2572 526 2642 praetores
546 2567 689 2639 Romani,
712 2582 751 2628 ne
771 2572 898 2642 postero
922 2565 973 2626 die
993 2571 1094 2627 castra

111 2656 373 2724 oppugnarentur,
396 2649 517 2712 silentio
537 2651 697 2725 proximae
715 2651 814 2711 noctis
828 2650 921 2712 tacito
936 2649 1025 2725 signo
1040 2665 1093 2712 ex·

113 2730 233 2793 ercitum
248 2734 452 2806 abduxemmt.
473 2736 542 2796 luce
555 2733 654 2809 prima
668 2732 797 2809 Hispani
811 2732 878 2796 acie
891 2731 1040 2795 instructa
1053 2733 1092 2793 ad

113 2814 220 2878 vallum
246 2825 461 2892 accesserunt,
486 2832 647 2894 vacuaque
673 2823 795 2893 praeter
818 2833 906 2892 spem
928 2824 1030 2878 casua
1048 2816 1091 2876 in·

114 2900 216 2976 gressi,
229 2903 463 2979 quaederelioto
473 2902 552 2964 inter
561 2907 742 2962 nocturnam
752 2898 986 2977 trepidationem
998 2907 1092 2973 erant,

114 2977 308 3059 diripuerunt,
322 2984 521 3061 regressique
535 2984 566 3045 in
578 3001 636 3046 sna
650 2991 752 3046 eastra
766 3000 884 3060 paucos
899 2984 966 3046 dies
982 2983 1093 3061 quietis

114 3066 224 3128 stativis
245 3076 432 3130 manserunt
466 3070 675 3130 Romanorum
695 3069 913 3144 sociorumque
929 3070 960 3128 in
975 3067 1092 3144 proelio

116 3144 242 3227 fugaque
255 3153 296 3213 ad
308 3152 444 3228 quinque
454 3152 536 3213 milia
548 3153 662 3227 occisa,
679 3168 809 3227 quorum
820 3168 856 3213 se
867 3149 976 3228 spoliis
986 3151 1093 3213 hostes
1197 3165 1200 3170 ·

117 3242 271 3297 amarunt.
292 3236 365 3297 inde
379 3237 420 3297 nd
430 3238 546 3311 Tagum
559 3235 673 3297 flumen
688 3237 817 3311 profecti
828 3244 908 3298 sunt
932 3242 1092 3311 praetores

117 3308 226 3379 interim
241 3320 371 3383 Romani
393 3335 484 3382 omne
503 3319 537 3380 id
555 3326 677 3394 tempus
699 3320 916 3381 contrahendis
935 3335 976 3380 ex
990 3318 1092 3378 civita·

116 3394 189 3462 tibus
204 3405 300 3466 sociis
313 3402 519 3479 Hispanorum
534 3403 655 3465 auxiliis
670 3404 907 3479 reficiendisque
922 3402 960 3461 ab
975 3407 1093 3460 terrore

119 3480 266 3550 adversae
275 3503 397 3563 pugnae
408 3486 534 3550 miiitum
544 3486 652 3548 animis
665 3491 930 3563 consumpserunt.
953 3481 1006 3544 ubi
1017 3483 1092 3543 satis
