2642 4017
308 277 862 357 crennm111.cnr.1.n.c.nn
1015 277 1074 342 tea
1105 285 1115 300 ·

423 535 564 631 llll
605 537 742 631 llll

375 701 430 761 AB
450 701 569 764 URBE
592 701 794 765 CONDITA
853 702 856 707 '
936 650 942 661 ι

466 832 577 895 licuit
597 833 701 899 xliii.

107 1094 267 1151 Retron.
293 1096 424 1147 ementes
439 1097 551 1160 aliquot,
565 1098 677 1163 eoquod
690 1096 827 1149 crudeliter
842 1104 868 1149 ct
883 1111 959 1149 avare
971 1097 1073 1164 proriu-

150 1178 205 1215 σω
216 1163 448 1227 cdmluiatraaeeut,
464 1166 576 1219 damnati
587 1175 654 1217 suut.
685 1165 713 1216 P.
725 1166 838 1219 Licinio·
850 1163 957 1217 Graecus
967 1180 1074 1235 proeor-

149 1233 190 1283 cul
200 1231 343 1297 complures
355 1235 382 1283 iu
395 1231 500 1283 Graecia
511 1235 586 1285 urbes
599 1235 755 1302 expugnavit
771 1243 797 1285 et
808 1233 942 1285 crudeliter
954 1235 1072 1299 diripuit:

149 1302 182 1351 ob
194 1301 222 1350 id
234 1303 344 1366 captivi,
366 1302 410 1366 qui
422 1303 454 1353 ab
467 1317 497 1353 eo
514 1304 563 1353 cub
579 1319 673 1353 corona
684 1305 828 1367 venierunt,
847 1317 880 1353 ex
896 1310 999 1352 aeuutue
1012 1316 1073 1352 cou-

147 1369 214 1419 eulto
226 1378 315 1433 postea
324 1371 433 1420 restituti
445 1378 512 1421 suut.
526 1373 587 1421 item
599 1387 615 1421 a
625 1372 761 1437 preelecti·
774 1370 893 1422 cunum
903 1372 1074 1421 Romnum

146 1436 227 1489 multa
237 1438 387 1503 impotenter
404 1440 431 1489 lu
448 1440 533 1491 coeloe
544 1439 622 1491 iacta.
645 1455 687 1491 reu
697 1447 831 1506 praeterea
847 1441 965 1493 el’eraeo
975 1453 1036 1505 rege
1048 1440 1075 1489 lu

147 1506 383 1575 numentanam
395 1515 482 1575 gestu
492 1510 613 1569 continet,
625 1508 702 1561 victis
710 1508 834 1561 Dardania
846 1517 871 1556 et
880 1508 989 1573 illyrico,
1001 1506 1074 1557 natu·

148 1582 254 1629 rexerat
266 1573 381 1627 Gentius.
400 1585 499 1636 metue,
516 1577 560 1640 qui
578 1579 604 1626 iu
615 1577 740 1641 Hispania
752 1577 784 1627 ub
796 1574 898 1626 Olouloo
916 1574 998 1625 factm
1010 1582 1073 1635 erat,

147 1645 204 1709 ipsu
217 1643 367 1709 interempto
378 1645 501 1695 coneedit.
520 1645 554 1699 M.
565 1645 687 1694 Aemilius
696 1645 809 1710 Lepidus
822 1645 994 1694 incensoribus
1004 1644 1074 1710 priu-

147 1727 206 1778 cepe
216 1713 243 1761 iu
254 1721 342 1763 uenatu
355 1713 443 1763 lectus.

179 1849 202 1907 1.
230 1846 346 1910 Eadem
366 1853 497 1921 aestate,
527 1862 589 1921 qua
602 1845 633 1906 in
643 1845 802 1909 Thessalia
815 1847 984 1922 camaena
996 1854 1074 1921 aaut,

98 1932 131 2004 Q.
146 1931 266 1993 Mucias
279 1931 398 2006 legatus
411 1932 442 1991 in
453 1930 607 2009 illyricum
618 1946 637 1990 a
647 1930 775 1990 consule
785 1927 916 2002 missua,
931 1930 1075 2005 equanto

97 2016 158 2077 duo
174 2013 291 2090 oppida
305 2012 504 2090 oppugnavit.
526 2028 633 2075 eorum
646 2012 780 2075 unumvi
795 2017 889 2089 atque
899 2010 992 2075 armis
1004 2025 1073 2073 coe·

96 2099 141 2173 git
153 2097 183 2156 in
196 2094 396 2168 deditionem
414 2099 577 2174 omniaque
591 2096 696 2160 iisaua
705 2095 876 2170 concessit,
887 2101 922 2156 ut
931 2093 1076 2170 opinione

97 2179 276 2243 clementiae
288 2196 345 2243 eos
360 2181 414 2257 qui
428 2180 610 2243 Carnuntem
623 2180 767 2245 munitam
781 2178 888 2241 urbem
902 2176 1076 2241 incolebant

97 2263 252 2326 adiiceret,
273 2271 439 2340 postquam
449 2280 507 2327 uec
520 2270 555 2326 ut
568 2263 716 2328 dederent
729 2278 764 2324 se
776 2262 960 2337 compellere
974 2275 1076 2337 neque

8 2420 10 2425 y
98 2363 211 2424 capere
223 2347 396 2410 obsidendo
406 2354 535 2423 poterat,
547 2361 587 2407 ne
598 2346 719 2411 duabus
731 2344 1011 2421 oppugnationibus
1022 2359 1075 2406 ue-

98 2430 245 2506 quiquam
266 2431 408 2506 fatigatus
429 2431 516 2492 miles
537 2438 636 2504 esset,
665 2445 756 2505 quam
772 2429 856 2504 prius
869 2429 1013 2491 intactam
1025 2442 1076 2488 ur·

96 2514 167 2575 bem
180 2513 360 2590 reliquerat,
377 2513 510 2589 iniquit

180 2599 267 2659 Alter
280 2598 390 2662 consul
405 2597 436 2658 0.
452 2598 578 2661 cassius
593 2613 651 2659 nec
665 2598 697 2657 iu
711 2596 823 2670 Gallia,
844 2611 937 2672 quam
949 2593 1076 2655 sortitus

97 2689 179 2755 erat,
199 2682 395 2745 memorabile
416 2681 581 2757 quicquam
593 2679 707 2756 gessit,
728 2687 759 2741 et
778 2695 834 2754 per
846 2678 1001 2756 illyricum
1021 2678 1076 2738 du·

98 2778 171 2824 cere
191 2764 328 2837 legiones
348 2767 380 2824 in
393 2764 606 2826 Macedoniam
623 2778 704 2824 vano
725 2764 847 2839 incepto
868 2768 917 2823 est
937 2768 1076 2823 conatus.

97 2845 275 2921 ingressum
295 2846 353 2909 hoc
374 2848 431 2911 iter
452 2849 610 2911 consulem
628 2854 755 2909 senatur
776 2861 815 2906 ex
835 2843 1077 2920 Aquileiensium

97 2929 208 3004 legatis
223 2931 380 3006 cognovit,
402 2931 456 3007 qui
470 2938 634 3007 querentes
649 2929 801 2991 coloniam
814 2943 902 2988 snum
922 2943 1034 2989 novem
1048 2936 1078 2989 et

96 3013 248 3077 infirmam
267 3014 399 3075 necdum
419 3013 494 3076 satis
520 3014 665 3076 munitam
688 3012 766 3075 inter
789 3011 917 3073 iniectas
937 3011 1077 3072 naiores

96 3096 244 3158 istrorum
262 3104 292 3158 et
308 3098 481 3176 lllyriorum
496 3112 569 3159 esse
583 3112 654 3158 cum
668 3102 823 3171 peterent,
838 3101 872 3157 ut
882 3100 1009 3155 senatus
1025 3108 1076 3156 cu·

96 3195 151 3241 rue
165 3179 308 3257 heberet,
327 3181 484 3256 quomodo
498 3196 537 3245 ea
551 3179 673 3243 colonia
686 3177 868 3251 muniretur,
892 3175 1077 3254 interrogati,

95 3262 250 3325 vellentne
264 3279 332 3325 earu
346 3280 411 3325 rem
427 3265 458 3325 C.
473 3264 581 3327 cassio
601 3262 721 3324 consuli
735 3262 887 3336 mandari,
908 3260 1077 3337 responde·

95 3353 168 3407 runt
188 3346 329 3409 Cassium
350 3348 521 3424 Aquileiam
540 3347 654 3409 indicto
674 3345 810 3409 exercitu
831 3346 1002 3421 protectum
1023 3356 1079 3415 per

96 3429 254 3506 Illyricum
273 3429 305 3492 in
318 3430 532 3493 Macedoniam
546 3446 627 3492 esse.
654 3446 694 3493 ea
710 3445 761 3490 res
779 3428 877 3505 primo
891 3423 1078 3487 incredibilis

98 3510 182 3586 visa,
197 3521 228 3573 et
240 3529 297 3591 pro
312 3530 348 3575 ee
364 3513 497 3591 quisque
512 3513 638 3574 credere
653 3512 760 3572 Cernis
778 3510 906 3572 forsitan
927 3513 979 3567 aut
992 3504 1078 3566 latria
