2642 4017
280 245 395 305 LIBER
408 245 511 306 xlm.
535 243 617 304 cop.
632 253 658 305 a.
671 252 697 306 a.
707 251 735 304 4.
757 250 793 318 [ι.
807 250 840 303 c.
852 251 914 318 171]
1015 244 1073 313 rot

85 394 287 477 gravissimis
303 394 479 458 criminibus
501 394 637 457 accusati
658 396 749 458 ambo
768 397 978 476 ampliatiqusz
1007 415 1076 461 cum

87 481 227 543 dicenda
237 480 277 540 de
292 480 410 555 integro
423 495 519 541 causa
533 486 632 556 esset,
647 481 788 541 excusati
802 479 902 542 exsilii
916 496 1011 542 causa
1024 499 1077 544 sc·

87 568 157 627 lum
169 563 311 624 vertisse.
331 563 440 624 Fruius
451 563 627 638 Praeneste,
639 563 791 625 Matienus
802 563 895 625 'libur
904 565 1076 626 exsulatum

88 648 243 710 abierunt.
267 648 347 707 tama
359 653 426 709 erat
438 646 593 723 prohiberi
608 646 777 723 apatroois
788 647 909 710 nobiles
920 663 957 709 ac
969 655 1075 723 poten·

87 741 141 795 tes
151 732 352 807 compellare,
364 728 510 807 auxitque
522 746 589 792 eam
599 731 807 807 suspicionem
814 729 975 793 Canuleius
987 746 1076 808 pree·

88 825 157 891 tor,
175 814 260 890 quod
275 814 390 876 omissa
404 830 442 875 ea
455 830 490 874 re
501 812 643 877 dssectrm
658 815 772 876 habere
785 814 926 888 instituit,
942 815 1013 876 dein
1027 829 1076 875 re

88 908 188 978 pente
200 901 231 958 in
246 898 435 974 provinciam
448 898 533 974 abiit,
549 913 589 960 ne
601 900 706 975 plures
717 898 756 959 ab
766 898 914 974 Hispanis
925 913 1076 959 vexaren-

91 994 152 1046 tur.
175 983 218 1044 itc
231 982 402 1058 praeteritis
413 981 534 1044 silentio
547 980 743 1055 oblitteratis,
758 982 788 1042 io
803 983 938 1044 arturum
952 984 1076 1045 consol·

89 1076 158 1129 tum
176 1073 278 1128 umen
305 1066 344 1126 ab
364 1073 472 1127 senatu
494 1065 656 1143 Hispanis,
683 1065 768 1141 quod
796 1066 1010 1143 impetramnt,
1036 1081 1076 1127 na

91 1149 234 1211 frumenti
263 1149 503 1211 aestimationem
529 1150 727 1226 magistratus
752 1149 910 1210 Romanus
939 1149 1078 1226 haberet,

93 1232 176 1295 neve
190 1239 314 1309 cogeret
325 1233 490 1294 vicesimas
500 1235 637 1294 vendere
644 1234 801 1309 Hispanos
816 1232 921 1308 quanti
932 1231 1001 1309 ipse
1011 1235 1075 1293 vel·

91 1320 150 1391 let,
171 1324 202 1378 et
214 1333 256 1385 ne
271 1318 417 1392 praelecti
438 1315 470 1377 in
486 1319 602 1393 oppida
617 1333 675 1378 sua
695 1317 735 1377 ad
750 1316 898 1392 pecunias
919 1316 1077 1391 cogendas

90 1402 330 1477 imponerentur.

178 1484 228 1542 ΙΙΙ.
248 1484 287 1545 Et
297 1484 356 1545 alia
367 1482 439 1544 novi
452 1483 574 1559 generis
586 1484 742 1546 hominum
755 1500 794 1544 ex
804 1483 953 1560 Hispania
964 1484 1074 1559 legatio

90 1565 185 1628 venit.
213 1583 252 1627 ex
271 1566 415 1629 militibus
435 1568 583 1628 Romanis
606 1573 637 1628 et
659 1583 700 1627 ex
720 1567 866 1643 lllspanis
886 1566 1064 1629 mulieribus

93 1668 165 1713 cum
181 1651 292 1726 quibus
314 1651 477 1712 conubium
495 1667 556 1711 non
571 1657 671 1724 esset,
692 1658 781 1712 natos
803 1667 839 1711 se
859 1658 1071 1727 memorantes,

92 1751 189 1810 supra
204 1740 347 1809 quattuor
365 1734 446 1796 milia
463 1735 619 1796 hominum
635 1735 779 1807 orabant,
795 1742 828 1796 ut
842 1735 901 1795 sibi
916 1735 1071 1811 oppidum,

92 1819 124 1881 in
140 1833 202 1894 quo
216 1818 400 1892 habitarent,
416 1820 549 1879 daretur.
577 1825 704 1878 senatus
719 1818 868 1894 decrevit,
888 1818 930 1879 uti
951 1816 1075 1880 nomina

93 1918 151 1964 sna
165 1901 249 1977 apud
262 1901 296 1962 L.
315 1900 492 1963 Canuleium
513 1901 742 1978 profiterentur,
768 1916 936 1976 eorumque
951 1901 979 1962 si
994 1917 1074 1977 quos

4 2006 5 2009 ¹
92 1985 334 2060 manumisisset,
355 2001 411 2047 eos
427 1985 575 2047 Carteiam
590 1984 630 2046 ad
645 1983 800 2046 Oceanum
815 1984 927 2044 deduci
941 1985 1074 2059 placere.

95 2070 148 2146 qui
164 2068 381 2130 Carteiensium
401 2070 484 2131 domi
503 2083 627 2129 manere
645 2069 774 2143 vellent,
797 2072 979 2144 potestatem
997 2067 1074 2140 lore,

93 2150 138 2214 uti
159 2168 283 2214 numero
299 2155 480 2216 colonorum
496 2158 616 2224 essent,
637 2167 713 2228 agro
735 2152 905 2227 adsignato.
937 2148 1074 2210 Latinam

94 2252 161 2298 earn
177 2237 329 2297 coloniam
344 2253 431 2314 esse,
445 2237 717 2311 libertinorumque
732 2234 889 2312 appellari.

177 2320 294 2382 Eodem
310 2327 447 2398 tempora
461 2336 500 2381 ex
512 2321 618 2382 Africa
632 2325 662 2379 et
676 2319 810 2381 Gulussa
822 2319 964 2393 regulus,
981 2317 1074 2378 Masi·

93 2404 197 2465 nissae
211 2405 307 2479 illius,
322 2404 441 2479 legatus
455 2404 566 2480 patris,
588 2410 619 2466 et
633 2402 900 2480 Carthaginienses
914 2408 1073 2462 venerunt.

95 2488 227 2550 Gulussa
240 2488 325 2564 prior
334 2489 365 2548 in
377 2494 516 2549 senatum
527 2489 734 2563 introductus,
749 2495 780 2548 et
790 2501 871 2563 quae
881 2485 977 2545 missa
988 2488 1075 2549 erant

93 2570 134 2632 ad
147 2571 260 2633 bellum
274 2571 506 2633 Macedonicum
521 2588 539 2632 a
555 2578 643 2647 patre
662 2586 720 2633 suc
742 2569 901 2647 exposuit,
925 2575 956 2630 et
970 2565 997 2629 si
1012 2583 1074 2643 qua

93 2661 253 2731 praeterea
271 2653 384 2713 vellent
401 2654 567 2729 imperare,
592 2660 817 2729 praestaturum
838 2650 947 2714 merito
967 2651 1073 2727 populi

93 2733 222 2795 Romani
238 2739 285 2793 est
299 2735 515 2809 pollicitus-et
527 2737 644 2797 monuit
658 2744 761 2811 patres
777 2736 990 2811 conscriptos,
1005 2742 1039 2796 ut
1055 2747 1074 2793 a

95 2817 203 2876 fraude
214 2813 504 2889 Carthaginiensium
514 2814 667 2877 caverent.
689 2819 798 2878 classis
810 2834 866 2880 eos
877 2832 1006 2892 magnae
1019 2832 1073 2894 pa-

96 2899 211 2960 randae
226 2895 388 2959 consilium
402 2899 539 2975 cepisse,
561 2900 668 2976 specie
689 2916 745 2976 pro
761 2899 906 2960 Romanis
921 2906 952 2959 et
964 2899 1072 2961 adver·

96 2998 149 3045 sus
168 2981 375 3043 Macedonasz
396 2982 449 3044 ubi
464 2989 623 3058 saporata
643 2981 853 3058 instructaque
867 2988 965 3057 esset,
986 2981 1072 3058 ipso·

94 3082 160 3128 rum
184 3067 251 3128 lore
274 3064 438 3143 potestatis
465 3082 556 3141 quem
579 3066 700 3127 hostem
722 3073 774 3127 aut
793 3065 911 3128 socium
931 3063 1072 3128 habeant.

94 3149 172 3212 hanc
185 3149 266 3211 iniec

95 3318 145 3379 IV.
165 3319 205 3380 tis
219 3324 322 3381 anua
336 3317 453 3382 exstitit
467 3334 568 3402 pavor
582 3315 616 3357 **
632 3316 764 3393 ingressi
778 3324 893 3391 casua,
916 3321 1072 3378 ostentan-

12 3426 16 3441 ·
93 3409 141 3465 ,tes
156 3403 266 3479 capita,
280 3404 427 3481 lecerunt,
442 3410 476 3465 ut
490 3403 517 3465 si
532 3402 675 3464 admotus
690 3404 844 3480 extemplo
859 3399 1012 3462 exercilus
1026 3398 1072 3456 lo-

96 3491 155 3561 ret,
175 3487 245 3563 capi
262 3494 363 3549 castra
377 3488 538 3565 potuerint.
560 3495 622 3551 tum
640 3502 766 3566 quoque
780 3487 854 3561 luga
868 3483 977 3557 ingens
993 3480 1073 3540 tacta
