2642 4017
247 279 295 343 db
427 277 543 338 LIBER
556 278 617 337 XL.
641 276 724 336 cap.
740 285 783 337 ιι.
797 287 838 337 ra.
863 282 899 349 [a.
911 281 947 333 U.
960 297 983 332 ο.
996 278 1059 345 sto]

251 427 394 491 convivio
406 426 508 488 soluto
523 442 592 487 cum
604 426 769 487 comisator
781 440 840 500 ego
852 425 1079 499 discessissem,
1092 431 1238 500 quattuor

251 510 469 585 substitissent,
484 516 517 570 ut
528 510 662 584 sopitum
675 515 705 570 te
716 510 966 584 adgrederentur,
982 510 1139 585 quomodo
1151 508 1235 568 setei-

251 598 361 658 lissent
374 603 403 655 et
414 594 505 654 atiani
516 600 547 653 et
556 593 616 651 mei
628 598 658 653 et
671 592 803 653 maxime
813 591 961 668 suspecti,
978 593 1051 668 quia
1061 594 1154 669 paulo
1166 596 1238 651 ante

251 682 282 741 in
296 680 365 740 rixa
378 679 518 738 fuerant?
541 675 698 751 quomodo
714 682 815 737 autem
829 677 979 737 trucidato
993 682 1024 737 te
1038 676 1099 751 ipsi
1114 674 1238 735 evasuri

253 766 395 826 inerunt?
425 767 569 835 quattuor
591 760 702 835 gladiis
723 760 834 821 domus
853 767 906 822 tua
927 760 996 835 capi
1016 767 1047 838 et
1066 759 1239 834 expugnari

252 846 373 925 potuit?
402 845 468 904 XV.
499 843 571 919 quin
592 851 625 904 tu
646 843 763 903 omissa
782 844 841 903 ista
862 851 1011 905 nocturna
1032 843 1136 903 tabula
1150 843 1191 903 ad
1206 842 1239 902 id

253 932 338 1007 quod
354 929 451 1002 doles,
468 928 552 1003 quod
565 927 711 987 invidiam
726 927 794 1000 urit,
809 928 994 988 reverteris?
1014 943 1090 1001 „cur
1103 941 1238 1001 usquam

252 1014 339 1089 regni
354 1012 397 1073 tui
411 1012 522 1072 mentio
537 1011 586 1084 fit,
605 1012 760 1071 Demetrii
785 1025 839 1071 cur
853 1011 973 1086 dignior
987 1011 1082 1086 patris
1097 1010 1240 1071 fortunae
1312 1067 1313 1092 ,

254 1110 421 1158 successor
436 1093 621 1170 quibusdam
630 1094 747 1156 videris
759 1110 851 1171 quam
863 1102 943 1169 egoi
964 1111 1019 1156 cur
1030 1110 1119 1170 spem
1128 1109 1240 1167 meam,
1312 1101 1313 1106 ’

256 1194 346 1256 quae,
361 1178 389 1239 si
403 1186 436 1240 tu
450 1195 510 1239 non
526 1194 631 1251 esses,
648 1184 732 1238 certa
745 1184 818 1251 erat,
835 1167 959 1239 dubium
973 1187 1005 1241 et
1019 1176 1180 1240 sollicitam
1195 1178 1240 1237 ia·

257 1266 343 1325 cisi“
364 1262 442 1323 haec
456 1261 548 1324 sentit
560 1261 709 1336 Perseus,
725 1263 783 1323 etsi
798 1278 859 1323 non
876 1263 962 1334 dicit,
985 1263 1063 1323 haec
1077 1262 1168 1325 istum
1181 1257 1240 1321 ini·

254 1348 381 1421 micum,
402 1346 481 1407 haec
501 1353 712 1408 accusatorem
734 1345 865 1415 iaciunt;
899 1347 975 1407 haec
998 1348 1137 1421 domum,
1161 1345 1242 1405 haec

253 1448 383 1508 regnum
406 1438 490 1493 tuum
515 1429 692 1492 criminibus
713 1438 744 1492 et
763 1428 994 1506 suspicionibus
1018 1431 1148 1506 replent
1180 1444 1240 1504 ego

256 1524 365 1590 autem
380 1524 483 1590 pater,
500 1531 591 1591 quem
606 1515 646 1575 ad
660 1516 785 1576 modum
799 1530 857 1575 nec
873 1531 954 1576 nunc
968 1530 1097 1591 sperare
1111 1529 1242 1589 regnum

256 1616 314 1660 nec
329 1599 484 1674 ambigere
499 1615 643 1675 umquam
657 1600 697 1659 de
711 1615 749 1659 eo
761 1599 890 1660 forsitan
903 1599 1040 1673 debeam,
1057 1598 1128 1675 quia
1139 1598 1242 1658 minor

257 1699 334 1755 sum,
352 1684 424 1758 quia
438 1689 470 1744 tu
483 1699 533 1744 me
547 1683 653 1745 maiori
668 1683 780 1744 cedere
793 1683 850 1758 vis,
867 1685 912 1744 sic
927 1682 1074 1752 illudnec
1088 1682 1181 1743 debui
1195 1682 1242 1742 ia·

257 1782 327 1829 cere
348 1781 406 1826 nec
427 1766 542 1840 debeo,
564 1772 598 1827 ut
611 1766 755 1842 indignus
770 1774 800 1828 te
814 1776 917 1842 patre,
938 1768 1081 1842 indignus
1098 1765 1242 1828 omnibus

256 1851 373 1911 videar.
404 1850 437 1909 id
456 1850 537 1910 enim
558 1849 638 1912 vitiis
652 1852 746 1925 meis,
768 1868 829 1913 non
847 1852 986 1913 cedendo
1002 1851 1051 1912 cui
1065 1849 1113 1911 ius
1127 1851 1242 1925 sasque

257 1942 314 2009 est,
328 1951 390 1995 non
404 1935 556 1995 modestia
571 1950 754 2009 consequar.
774 1937 932 1996 Romanos
946 1934 1044 1997 obicis
1062 1934 1143 2006 mihi,
1159 1941 1189 1994 et
1202 1949 1244 1994 ea

257 2035 338 2097 quae
353 2020 470 2094 gloriae
484 2035 557 2079 esse
571 2019 684 2079 debent
697 2020 727 2078 in
743 2019 857 2078 crimen
871 2020 976 2080 vertis.
999 2034 1057 2094 ego
1073 2034 1130 2078 nec
1145 2017 1243 2079 obses

255 2102 403 2165 Romanis
419 2109 452 2163 ut
464 2102 600 2162 traderer
614 2117 672 2160 nec
686 2109 720 2161 ut
732 2101 850 2175 legatus
865 2101 1000 2163 mitterer
1012 2104 1142 2163 Romam
1156 2101 1244 2177 petii.

256 2204 275 2247 a
294 2194 326 2248 te
345 2186 460 2246 missus
486 2185 532 2244 ire
553 2200 613 2244 non
634 2184 785 2245 recusavi.
821 2192 953 2262 utroque
972 2195 1110 2263 tempore
1130 2186 1171 2246 itu
1191 2201 1244 2247 me

257 2270 358 2347 gessi,
373 2286 413 2330 ne
427 2267 480 2328 tibi
495 2268 621 2344 pudori,
643 2284 682 2327 ne
697 2266 793 2343 regno
809 2274 871 2344 tuo,
886 2287 926 2330 ne
940 2271 1022 2345 genti
1035 2271 1244 2331 Macedonum

257 2371 369 2417 essem.
390 2355 494 2427 itaque
509 2350 582 2412 mihi
595 2368 662 2411 cum
672 2352 819 2413 Romanis
831 2354 981 2416 amicitiae
993 2370 1089 2416 causa
1102 2362 1135 2415 tu
1146 2353 1243 2429 inisti,

258 2449 353 2517 pater.
388 2435 491 2513 quoad
510 2442 611 2494 tecum
633 2434 693 2495 iltis
718 2452 778 2511 pax
800 2438 946 2513 manebit,
973 2454 1093 2499 mecum
1114 2453 1244 2514 quoque

256 2524 353 2598 gratia
367 2521 437 2581 erit:
460 2519 488 2578 si
503 2518 613 2578 bellum
629 2534 701 2578 esse
712 2522 857 2596 coeperit,
874 2522 927 2596 qui
937 2522 1041 2598 obses,
1057 2523 1109 2598 qui
1120 2525 1243 2597 legatus

256 2623 313 2680 pro
329 2611 415 2679 patre
430 2617 491 2661 non
506 2600 620 2661 inutilis
636 2602 694 2677 tui,
709 2602 791 2663 idem
802 2604 902 2665 hostis
916 2604 976 2667 illis
991 2606 1159 2666 acerrimus
1174 2620 1242 2666 cro.

257 2704 314 2748 nec
334 2686 426 2747 hodie
446 2692 478 2744 ut
500 2685 598 2760 prosit
618 2684 692 2746 mihi
705 2689 802 2761 gratia
816 2689 1023 2750 Romanorum
1039 2692 1177 2765 postulo:
1200 2706 1244 2752 ne

256 2772 338 2833 obsit
351 2775 466 2832 tentum
481 2770 641 2845 deprecor.
665 2773 768 2831 necin
783 2773 863 2833 bello
876 2775 986 2850 coepit,
1002 2790 1060 2833 nec
1071 2775 1112 2834 ad
1126 2774 1243 2835 beilum

255 2862 445 2916 reservetur:
467 2854 554 2929 pacis
570 2851 681 2930 pignus
697 2855 754 2930 iui,
776 2856 815 2916 ad
829 2873 939 2932 pacem
952 2855 1142 2918 retinendam
1156 2859 1242 2933 lega·

255 2945 305 3000 tus
325 2938 439 2999 missus
460 2955 543 2999 sum:
565 2946 674 3000 neutra
691 2956 742 2999 res
761 2940 834 3000 mihi
848 2958 906 3003 nec
920 2942 1036 3017 gloriae
1050 2958 1108 3003 nec
1123 2941 1242 3002 crimini

255 3023 304 3083 sit.
327 3039 385 3099 ego
400 3023 427 3083 si
440 3023 514 3099 quid
528 3023 620 3098 impie
631 3025 661 3084 in
679 3030 719 3098 te,
735 3032 829 3100 pater,
846 3025 873 3086 si
887 3027 961 3101 quid
971 3027 1120 3087 scelerate
1131 3024 1161 3087 in
1179 3026 1242 3086 ira·

254 3112 330 3166 trem
346 3104 471 3180 admisi,
487 3109 598 3168 nullam
619 3108 770 3183 deprecor
784 3125 931 3184 poenamz
953 3108 981 3170 si
994 3111 1143 3171 innocens
1159 3126 1239 3185 sam,

254 3205 294 3249 ne
304 3188 419 3250 invidia
430 3190 626 3267 conflagrem,
643 3207 712 3251 cum
724 3193 848 3253 crimine
859 3210 920 3255 non
933 3194 1060 3268 possim,
1075 3194 1238 3269 deprecor.

254 3290 316 3334 non
337 3273 430 3335 hodie
451 3290 500 3334 me
514 3276 644 3349 primum
659 3276 752 3336 irater
764 3284 905 3350 accusat,
928 3278 985 3338 sed
998 3277 1092 3339 hodie
1106 3277 1239 3353 primurn

255 3364 369 3434 aperte,
384 3359 466 3419 nulio
482 3374 550 3418 meo
565 3358 596 3419 in
612 3375 647 3420 se
661 3360 777 3421 merito.
801 3362 828 3422 si
842 3361 914 3421 mihi
930 3370 1017 3437 pater
1030 3367 1237 3436 succenseret,

256 3450 284 3503 te
304 3442 449 3503 maiorem
473 3442 594 3503 tratrem
617 3460 674 3519 pro
695 3442 813 3505 minore
833 3445 994 3520 deprecari
1010 3447 1185 3522 oportebat,
1206 3451 1239 3505 te

255 3527 490 3601 adolescentiae,
506 3533 536 3587 te
551 3529 647 3589 errori
662 3529 783 3590 veniam
794 3529 967 3606 impetrare.
987 3530 1017 3589 in
1033 3545 1071 3591 eo
1083 3529 1136 3591 ubi
1147 3543 1236 3603 prae·
