2642 4017
265 330 380 392 LlBER
392 330 525 391 xxxix.
547 331 631 391 GAP.
646 341 712 395 ss.
734 337 813 406 [nc.
827 336 889 405 ret]
1042 333 1062 397 5

83 478 144 542 tore
156 488 189 541 ut
202 481 371 542 memoriae
385 497 423 541 ac
436 481 606 557 posteritati
618 482 779 542 mandetur
790 482 929 543 eiusdem
941 483 1062 561 collegit

81 565 203 625 alterum
214 579 234 623 e
246 564 370 626 duobus
381 563 512 627 tribunis
523 565 623 641 plebis
635 580 711 626 suns
722 564 894 626 inimicitias
905 565 1062 629 remisisse

80 648 120 707 rei
133 647 289 722 publicae,
304 649 430 709 alterurn
444 648 560 709 alienas
574 655 605 709 et
617 648 780 710 mandatae
794 650 982 711 exercuisse.
1014 650 1061 712 his

80 730 173 791 victus
198 730 455 807 castigationibus
476 730 615 793 tribunus
636 747 706 792 cum
726 734 840 807 templo
861 732 1059 806 excessisset,

79 814 225 875 referente
246 814 315 876 Ser.
332 814 469 891 Sulpicio
491 822 633 890 praetore
652 813 824 891 triumphus
837 814 877 875 nl.
892 814 1000 877 Fulvio
1015 825 1062 879 est
1172 853 1177 862 ,
1290 785 1291 828 t

80 898 227 959 decimus.
256 899 286 958 is
301 913 370 959 cum
383 899 498 974 gratias
510 898 651 974 patribus
667 899 853 975 conscriptis
867 900 992 975 egisset,
1007 902 1060 961 ad·

80 979 144 1042 iecit
162 983 258 1044 ludos
279 997 410 1057 magnos
431 982 551 1044 selavi
573 982 689 1058 optimo
710 982 843 1043 maximo
863 998 901 1045 eo
922 983 972 1044 die
998 999 1060 1059 quo

79 1064 272 1127 Ambraciam
296 1067 434 1141 cepisset
457 1064 601 1148 sarisam
636 1065 667 1125 in
688 1080 755 1126 eam
775 1081 839 1125 rem
860 1066 919 1127 sibi
939 1074 1060 1129 centum

82 1149 180 1220 pondo
203 1150 273 1211 auri
288 1166 307 1210 a
321 1150 494 1211 civitatibus
515 1149 672 1220 callatim
695 1157 847 1223 peterent
861 1164 900 1210 ex
916 1165 953 1210 ea
967 1167 1058 1226 pecu·

81 1232 139 1306 nia,
161 1249 257 1309 qnam
274 1233 305 1293 in
324 1233 478 1309 triumpho
499 1234 590 1294 latam
603 1233 634 1298 in
649 1232 770 1294 aemrio
791 1232 949 1307 positurus
966 1245 1057 1308 esset,

80 1310 108 1373 id
122 1332 230 1377 aarum
246 1315 366 1378 secerni
381 1316 530 1378 iuberent
563 1323 690 1378 senatus
704 1316 882 1393 pontificum
898 1318 1059 1391 collegium

81 1400 194 1461 consini
213 1400 322 1475 iussit,
342 1416 416 1461 num
430 1416 520 1462 omne
534 1400 566 1461 id
578 1415 688 1462 aurum
703 1400 734 1460 in
749 1401 839 1462 ludos
853 1400 992 1462 consumi
1008 1416 1058 1461 ne

81 1495 198 1544 cessam
224 1490 322 1545 esset
355 1499 427 1546 cam
450 1482 614 1560 pontifices
634 1490 802 1558 negassent
821 1483 862 1544 ad
880 1483 1059 1558 religionem

82 1565 243 1640 pertinere,
263 1573 377 1643 quante
389 1568 530 1645 impensa
543 1567 575 1627 iu
589 1567 680 1628 ludos
694 1566 795 1637 fleret,
811 1573 937 1628 senatus
952 1565 1059 1628 Fulvio

82 1655 221 1723 quantum
235 1650 430 1726 impenderet
442 1650 589 1727 permisit,
604 1650 679 1711 dum
693 1665 732 1709 ne
746 1664 895 1712 summam
906 1650 1059 1727 octoginta

82 1730 187 1793 nillum
209 1734 388 1796 excederet
418 1733 606 1809 triunphare
620 1748 728 1794 mense
741 1733 881 1796 Ianuario
897 1741 1058 1796 statueram

85 1814 134 1875 sed
144 1831 212 1877 cum
223 1818 367 1880 audisset
376 1818 537 1880 consulem
547 1816 588 1876 Μ.
598 1816 770 1890 Aemilium,
784 1818 889 1879 fitteris
898 1817 939 1879 tl.
951 1817 1057 1879 Aburii

83 1896 183 1960 tribuni
199 1900 303 1977 plebis
316 1902 453 1976 acceptis
466 1902 507 1962 de
518 1899 650 1962 recissa
659 1900 890 1972 intercessione,
906 1901 1007 1976 ipsum
1019 1901 1059 1964 ad

83 1979 309 2057 impediendum
330 1984 516 2060 tnumptsun
536 1984 665 2046 Romam
689 1983 861 2044 venientem
882 1983 1057 2059 aegrumin

84 2063 129 2126 via
139 2066 336 2143 substitisse,
356 2083 395 2129 ne
409 2069 480 2144 ples
492 2069 526 2128 in
540 2067 693 2144 triumpho
709 2066 906 2129 cancrinum
921 2066 1057 2143 quanin

85 2146 155 2210 bello
169 2151 315 2232 haberet,
336 2152 480 2227 praetulit
498 2150 640 2228 triumphi
653 2150 745 2213 diem.
778 2151 973 2228 triumphavit
985 2160 1058 2213 ante

85 2230 157 2292 diem
167 2235 322 2297 decimum
331 2235 400 2296 Kal.
410 2235 568 2296 lanuarias
580 2234 1056 2313 denuonsetuspephatlenia.

85 2329 188 2378 aureae
201 2334 341 2381 coronae
361 2327 482 2381 centum
497 2318 660 2379 duodecim
673 2318 778 2393 pondo
792 2326 864 2380 ante
878 2333 1000 2379 murum
1014 2319 1057 2377 la·

85 2403 127 2458 tae
145 2411 233 2473 sunt;
259 2403 374 2479 argenti
393 2403 500 2479 pondo
513 2402 596 2462 milio
610 2400 765 2477 octoginta
777 2399 850 2476 mia,
872 2400 938 2462 auri
953 2400 1057 2476 pondo

86 2480 209 2546 ducenta
228 2486 434 2563 quadraginta
447 2486 518 2556 tria,
540 2484 706 2546 tetrachma
721 2484 821 2546 Attica
837 2491 958 2546 centnm
973 2488 1057 2543 octo

87 2563 175 2628 decim
185 2571 279 2643 mdia,
293 2568 444 2648 Philippei
454 2569 568 2631 nummi
579 2566 742 2629 duodecim
753 2568 835 2629 milia
844 2564 1056 2645 quadringenti

87 2646 283 2728 vigintiduo,
304 2652 393 2729 signa
412 2667 511 2714 aenea
525 2652 717 2728 septingenta
736 2651 890 2727 onomata
911 2652 1056 2727 quinque,

87 2730 166 2805 ⁸it'ssa
178 2751 351 2799 marmorea
365 2738 496 2799 ducenta
508 2735 643 2811 agina,
665 2750 751 2796 arma
762 2736 823 2796 tela
839 2741 941 2797 seura
956 2733 1058 2811 spolia

88 2809 227 2895 hostium,
249 2836 379 2895 magnus
399 2834 560 2892 nummus,
582 2818 622 2879 ad
635 2817 696 2880 boc
712 2820 898 2893 catapultae,
919 2818 1056 2890 banstae,

88 2898 227 2963 tormenta
246 2904 346 2965 omnia
356 2902 499 2978 genesim
521 2902 617 2964 duces
632 2909 685 2964 aut
697 2902 797 2962 Aetoli
811 2907 842 2961 et
856 2900 1056 2977 captusne

89 2987 133 3041 tut
143 2986 216 3060 regii
229 2986 271 3047 ab
285 2986 437 3049 andoeno
451 2986 493 3048 ibt
507 2985 602 3048 relicti
617 2985 657 3045 ad
672 2984 776 3059 viginti
791 2991 919 3060 septem.
945 2986 1080 3064 mutos,

88 3075 121 3122 eo
134 3066 190 3144 die,
205 3069 386 3147 priusqumn
396 3071 428 3131 in
440 3070 548 3131 urbem
557 3067 760 3142 inveberetur,
774 3067 805 3127 in
818 3068 900 3129 circo
909 3066 1056 3129 liuninio

88 3145 215 3213 tribunos
231 3156 404 3229 praetactos
419 3153 539 3229 equites
554 3151 758 3224 centuriones,
769 3152 926 3214 emanas
938 3152 1057 3214 socios·

91 3242 150 3306 luc,
165 3236 254 3298 donis
268 3237 448 3299 militaribus
462 3235 597 3298 donavit
631 3233 776 3297 militibus
790 3249 830 3296 ex
844 3236 960 3311 praeda
973 3232 1055 3295 vice

90 3325 139 3374 Ποῦ
159 3318 269 3393 quinos
290 3322 434 3382 denarios
453 3320 572 3393 divisit,
596 3317 716 3394 duplex
736 3318 921 3390 centurioni,
944 3318 1055 3394 triplex

91 3399 182 3471 equiti.

162 3484 213 3545 Vl.
231 3486 295 3547 Iam
310 3486 517 3548 consularium
532 3485 724 3549 comitiorum
738 3485 904 3562 appetebat
916 3490 1055 3555 tempuss

93 3564 190 3630 litibus
206 3571 277 3647 qula
286 3569 327 3630 tl,
340 3569 498 3641 Aemilius,
515 3571 603 3633 cidus
617 3571 710 3632 sortis
726 3585 763 3630 ea
775 3573 932 3634 carcerat
948 3577 1056 3624 occur·
