2642 4017
303 252 418 313 LIBER
430 253 535 312 xle.
556 254 639 314 cap.
653 264 718 316 aa.
739 262 777 329 [a.
793 262 825 316 u
841 262 902 332 rao]
1027 255 1088 322 211

107 403 224 483 placuit
239 402 301 465 noa
315 404 395 465 ultru
407 405 556 465 morando
568 404 599 463 in
610 404 769 465 Tbmsalia
777 413 898 481 tempus
910 413 1018 483 terere,
1032 409 1090 469 sod

107 503 234 551 movero
255 487 410 563 extemplo
431 494 533 549 casua
551 493 645 563 atque
665 487 737 548 inde
758 502 888 564 pergere
902 488 932 549 in
944 489 1090 552 ldmcdo

107 573 190 633 niam
204 578 237 632 et
249 577 421 647 praetorem
435 572 512 631 dore
526 585 665 646 oporam,
685 571 845 633 utendam
858 578 998 648 temporo
1011 575 1089 635 clas

108 657 153 719 sis
168 670 295 733 quoque
309 654 470 717 invehatur
481 654 617 716 bosom
630 654 794 718 littoribus.
807 663 950 732 praetore
961 656 1090 720 monaco

109 741 218 804 consul
239 745 427 801 menstruum
440 739 527 802 iusso
541 739 756 801 m‘1'eosecum
769 740 851 800 terre
864 741 1023 816 prolectas
1038 741 1091 802 ‹le-

109 825 188 886 cimo
209 830 283 899 post
302 823 353 884 dic
373 827 647 899 qumexarattum
661 828 840 900 acceparat,
860 831 964 885 castra
979 824 1090 896 monita

108 917 140 970 ot
152 908 246 969 unius
261 904 323 968 dici
336 909 596 983 progressiones
606 905 790 969 convasatis
803 906 942 970 itinerum
956 907 1090 970 ducibus

109 1009 178 1054 oum
193 997 385 1067 exponerem
397 990 429 1051 in
444 991 575 1052 oonsilio
588 989 743 1066 iussisset,
758 1007 821 1066 qua
835 991 968 1069 quisque
980 991 1090 1053 dactu-

108 1093 163 1137 rus
178 1082 271 1149 essct,
291 1074 451 1136 summotis
465 1073 503 1136 iis
517 1091 611 1152 qaam
624 1075 819 1151 potissimu
832 1081 958 1151 poterut,
977 1074 1091 1138 roualt

108 1160 150 1220 ad
170 1157 341 1220 consilium.
369 1158 438 1219 allis
459 1173 515 1235 per
533 1157 676 1236 Pythium
696 1159 839 1235 placebat
856 1159 921 1235 via,
943 1159 1012 1220 aliis
1034 1174 1091 1236 per

109 1241 295 1304 CumbnnIos
315 1249 449 1318 montes,
475 1259 537 1319 qua
557 1243 661 1319 priore
680 1258 763 1304 anno
787 1242 921 1304 dorem
938 1242 1090 1305 Hostilius

109 1328 234 1401 consui,
261 1327 329 1386 eliis
356 1333 476 1402 praeter
496 1327 679 1388 bocru-idom
700 1326 852 1401 paludem
879 1324 1016 1387 rostabm
1035 1325 1090 1385 ali-

109 1418 255 1487 quantum
267 1411 338 1471 vias
353 1411 539 1471 cornmnrum
554 1411 659 1485 itaque
672 1410 703 1468 in
716 1410 750 1470 id
764 1415 896 1485 tempus,
911 1425 974 1485 quo
990 1423 1091 1485 prope

108 1495 272 1557 divortium
285 1493 425 1556 illum
440 1501 542 1555 castra
561 1493 691 1568 posituri
705 1498 806 1566 amat,
829 1492 1008 1553 deliberatio
1023 1491 1090 1552 eius

107 1579 153 1640 rei
174 1577 322 1639 differtur.
343 1577 375 1638 in
388 1577 603 1637 Parbaablam
617 1576 691 1637 inde
704 1574 797 1650 dreit,
818 1579 849 1635 at
862 1575 940 1636 inter
954 1576 1089 1636 Azorum

108 1669 140 1723 et
159 1661 307 1724 Dolichen
329 1661 440 1723 statim
452 1658 560 1720 babuit
579 1660 620 1720 sd
633 1659 859 1720 consulendum
872 1675 982 1720 rursus
997 1674 1089 1735 quam

109 1746 302 1823 potissimam
321 1751 503 1822 capesseret
519 1744 611 1805 uam.
635 1757 694 1819 per
712 1742 839 1804 medan
858 1743 926 1805 diss
946 1742 1088 1817 Perseus,

109 1847 179 1891 cum
204 1830 455 1906 appropinquare
474 1828 595 1890 bostem
614 1826 723 1902 sciret,
748 1826 834 1901 qual
861 1828 919 1888 iter
938 1826 1089 1904 petiturus

110 1921 196 1976 esset
209 1914 344 1989 ignoras,
359 1927 468 1975 omncs
483 1912 581 1973 saltus
595 1909 732 1971 insidere
746 1910 908 1986 praesidiis
923 1911 1037 1973 statuit
1058 1911 1088 1970 in

108 1997 214 2075 iugum
235 1997 472 2061 Cambuniorum
490 1995 637 2057 mortim
659 2028 688 2041 -
717 1994 890 2055 Volustana
903 1994 964 2071 lpol
977 2000 1092 2055 vocant

111 2114 151 2128 -
172 2082 280 2143 decom
300 2082 383 2143 milia
404 2080 482 2145 laris
507 2085 680 2141 mmuurm
699 2078 845 2139 iuvenum
859 2092 928 2137 cum
947 2077 1029 2138 duce
1048 2077 1091 2136 A·

111 2165 304 2241 sclcpiodoto
317 2164 421 2237 mittit3
444 2165 485 2226 acl
504 2165 665 2226 castellum
685 2163 770 2238 qood
790 2176 886 2238 super
905 2160 1090 2222 Ascuridem

111 2248 257 2331 paludem
277 2257 343 2312 erat
359 2281 406 2297 -
424 2248 581 2325 tammus
599 2253 729 2309 vocatur
742 2247 831 2308 locus
844 2274 888 2291 --
901 2241 1032 2321 Hippias
1046 2250 1091 2304 te·

110 2349 185 2394 nero
199 2333 309 2395 saltum
323 2348 394 2396 cum
407 2332 573 2395 duodecim
586 2329 703 2392 milium
715 2329 920 2391 Macedonum
933 2326 1091 2405 praesidio

110 2417 226 2480 iussas.
241 2417 311 2494 ipse
325 2433 395 2481 stom
408 2415 535 2494 ruliqms
549 2415 650 2493 copiis
665 2415 764 2491 primo
780 2413 862 2475 circa
876 2411 966 2474 Dium
980 2409 1092 2473 nuova

110 2501 224 2576 habuit,
240 2501 362 2578 deindo,
377 2502 505 2565 adeant
518 2500 716 2577 obtorpuisse
730 2499 823 2576 inops
838 2494 959 2559 consilli
972 2494 1091 2556 vidora-

112 2593 168 2658 tur,
184 2601 254 2646 anm
267 2586 422 2661 equitans
437 2585 589 2663 expeditis
603 2584 704 2647 ittorc
718 2599 801 2645 nano
813 2582 996 2644 Heracleum
1010 2593 1092 2640 nunc

111 2667 227 2727 Philam
242 2669 448 2743 percurrebat
469 2671 581 2730 eodem
594 2666 668 2728 inda
681 2683 775 2729 cursu
790 2664 880 2729 litum
892 2671 1049 2742 repetens.

195 2750 247 2808 ΙΙΙ.
265 2751 388 2811 interim
407 2752 527 2811 commi
547 2750 698 2812 sententia
716 2751 800 2813 stetit
817 2765 857 2811 co
873 2751 953 2812 saltu
967 2749 1091 2821 duccro,

114 2829 167 2892 ubi
186 2839 313 2907 proptor
332 2832 507 2893 Ottolobum
525 2831 661 2893 diximus
675 2834 759 2909 ragis
777 2838 880 2893 eastra
893 2831 928 2872 *¹⁴
943 2829 1092 2908 praemitti

115 2924 216 2977 minen
232 2922 375 2991 quattuor
389 2913 472 2976 milio
485 2921 668 2976 armatorum
680 2916 721 2975 ad
734 2916 805 2975 loca
815 2921 989 2990 opportuna
1002 2929 1091 2992 prae

114 2997 299 3074 occupanda
317 2998 446 3075 piacula
471 2998 541 3074 quis
562 2997 730 3074 praepositi
750 3005 821 3059 sunt
840 2997 882 3057 ld.
897 2997 1041 3061 Claudius
1057 2997 1091 3072 Q.

112 3083 248 3146 Marcius
274 3082 410 3144 consulis
434 3080 526 3144 illius.
558 3079 721 3143 confestim
745 3087 778 3143 et
795 3081 960 3143 universas
983 3083 1093 3160 copiae

113 3168 331 3245 sequebantur.
352 3174 486 3229 osterum
497 3167 577 3228 adeo
589 3164 686 3227 ardna
697 3171 728 3227 et
737 3180 851 3242 aspera
864 3172 896 3228 ot
909 3166 1093 3242 conlrogosa

114 3253 165 3313 via
186 3253 256 3328 linit,
280 3259 315 3314 ut
333 3250 497 3328 praemissi
518 3247 655 3327 expediti
674 3249 769 3312 biduo
790 3249 965 3327 quindecim
978 3250 1093 3311 milium

114 3352 262 3412 passuum
276 3350 369 3413 aegro
388 3333 496 3397 itinera
515 3334 657 3397 conlecto
673 3340 774 3396 omna
787 3334 946 3411 posuerint
958 3331 1002 3389 **.
1024 3330 1093 3391 Dia-

113 3437 181 3480 rum
202 3435 294 3496 quem
315 3434 427 3497 cepero
446 3419 550 3480 locum
567 3419 732 3496 appellant.
752 3419 825 3480 lndc
840 3424 966 3494 postero
981 3413 1031 3473 dle
1044 3427 1093 3472 se

115 3511 197 3578 litem
210 3504 291 3564 milia
305 3503 473 3578 progressi,
486 3505 604 3565 tumulo
618 3502 703 3565 haud
717 3504 825 3578 procul
836 3500 973 3643 hostium
984 3494 1094 3557 castris
