2642 4017
296 241 414 304 LIBER
433 241 521 305 xlll
544 243 628 307 CAP.
642 253 687 308 aa.
699 252 744 309 se.
759 250 796 318 [ι.
811 250 844 302 c.
860 250 921 318 ιιι]
1038 241 1097 310 177

116 393 297 458 Athenaeus
311 391 518 468 praepositus.
533 400 566 454 et
577 394 637 473 alia
650 395 761 459 eodem
776 396 887 457 annila
899 398 1046 460 Romanis
1059 414 1100 459 ex

117 476 261 540 omnihus
276 475 413 551 undique
426 475 574 537 Graeciae
589 478 714 554 papulis
729 487 947 555 convenerunt,
968 498 1099 557 quorum

117 563 269 638 pleraque
286 586 330 601 -
350 559 430 621 ιιιίοο
445 575 541 635 parva
554 569 698 623 erant-
710 563 741 623 in
755 560 942 627 oblivionem
956 564 1099 627 adducta.

116 642 335 720 Apolloniatae
347 649 503 705 trecentos
517 644 647 719 equites,
670 652 793 707 cenum
805 645 927 722 pedites
942 648 1098 710 miserunt.

116 728 299 789 Aetolorum
313 727 382 787 alae
393 727 486 790 unius
500 726 607 802 instar,
622 736 769 803 quantam
783 729 823 791 ah
836 734 900 793 tota
910 739 1001 806 gente
1012 731 1098 807 equi·

117 818 183 873 turn
198 809 287 887 [erat]
302 817 464 885 venerant,
485 817 518 873 et
528 809 746 875 Thessalorum
765 813 865 877 omnis
881 814 1035 890 equitatus
1050 830 1099 878 se·

118 901 247 972 paratus
273 899 353 968 erat,
378 910 440 957 non
462 894 533 967 plus
557 910 648 968 quarn
670 896 797 957 trecenti
819 904 906 957 erant
925 899 1046 973 equites
1067 896 1099 959 in

119 977 230 1040 castris
244 977 403 1039 Romanis
423 976 540 1039 Achaei
561 977 726 1043 iuventutis
741 994 816 1041 suae
834 978 952 1041 &atico
968 981 1100 1077 maxime

121 1068 241 1123 armatu
254 1060 295 1120 ad
307 1060 389 1123 mille
403 1061 588 1137 quingentos
601 1061 761 1125 dederunt.

203 1142 281 1205 LVI
303 1141 368 1204 Sub
381 1144 463 1205 idem
476 1150 599 1219 tempus
612 1151 643 1207 et
664 1145 696 1207 C.
710 1146 870 1209 Lucretius
885 1154 1023 1222 praetor,
1045 1148 1099 1223 qui

119 1225 251 1291 navibus
265 1235 407 1302 praeerat
417 1228 457 1290 ad
469 1227 703 1304 Cephalleniam,
717 1229 758 1291 lt
769 1229 911 1293 Lucretio
924 1230 1016 1291 tratre
1031 1246 1099 1291 cum

120 1313 223 1373 classe
243 1326 342 1386 super
358 1311 489 1373 Maleam
510 1309 684 1375 Chalcidem
703 1313 790 1375 iusso
812 1320 918 1389 petere
931 1313 1001 1389 ipse
1014 1312 1099 1375 trire

120 1410 202 1459 mem
217 1394 414 1470 conscendit,
434 1395 536 1456 sinum
550 1394 736 1458 Corinthium
751 1404 861 1472 petens
876 1396 917 1456 ad
930 1410 1098 1473 praeoccu-

120 1478 242 1554 pandas
260 1477 291 1539 in
311 1477 441 1540 Boeotia
453 1492 515 1539 res.
536 1478 652 1539 tardior
665 1479 695 1541 el
708 1479 861 1554 navigatio
876 1485 1003 1554 propter
1016 1478 1099 1541 inhr-

119 1560 254 1623 mitatem
269 1562 410 1635 corporis
425 1560 490 1623 tuit
510 1561 551 1620 M.
565 1560 730 1626 Lucretius
741 1561 915 1623 Chalcidem
929 1561 1099 1622 adveniens

121 1660 190 1708 curn
208 1643 268 1705 aP.
283 1643 412 1705 Lentulo
423 1644 590 1705 Haliartum
602 1645 774 1720 oppugnari
785 1642 937 1719 audisset,
954 1644 1098 1722 nuntium,

121 1727 275 1804 praetoris
297 1727 399 1790 verhis
421 1728 475 1804 qui
498 1727 668 1789 abscedere
688 1744 758 1792 eum
778 1728 849 1789 inde
862 1726 995 1803 iuberet,
1009 1726 1099 1790 misit.

120 1812 309 1873 Boeotorum
319 1811 485 1886 iuventute,
498 1826 579 1887 quae
589 1827 663 1886 pars
674 1826 743 1872 cnm
754 1812 900 1874 Romanis
912 1812 1020 1887 stabat,
1032 1827 1101 1875 earn

120 1910 187 1957 reru
198 1894 368 1969 adgressus
383 1896 502 1970 legatus
517 1911 536 1955 a
549 1895 711 1959 moenibus
724 1894 887 1957 abscessit.
911 1895 988 1956 haec
999 1897 1104 1958 soluta-

121 1978 244 2041 obsidio
265 1979 367 2040 locum
388 1977 475 2039 alten
495 1994 596 2040 novae
610 1977 763 2043 obsidioni
778 1978 877 2039 dedit:
899 1993 1032 2053 nanque
1046 1994 1103 2039 ex-

122 2063 236 2136 templo
249 2061 289 2121 M.
304 2061 464 2125 Lucretius
480 2077 549 2125 cum
569 2063 707 2125 exercitu
721 2062 837 2134 navali,
857 2061 965 2121 decern
979 2060 1102 2124 milibus

123 2151 322 2219 ausurum,
347 2146 388 2207 ad
407 2145 468 2207 hoc
489 2145 612 2209 duobus
632 2145 754 2211 milibus
774 2143 943 2220 regiorum,
970 2144 1022 2219 qui
1042 2144 1100 2205 sub

123 2227 282 2291 Athenaeo
305 2235 407 2304 erant,
430 2229 598 2291 Haliartum
618 2227 831 2298 circumsediti
861 2226 1101 2304 parantibusque
1147 2292 1152 2297 ,

122 2311 181 2373 lam
197 2327 377 2387 oppugnare
386 2312 565 2387 supervenit
575 2328 594 2371 a
605 2313 720 2375 Creusa
735 2317 868 2387 praetor.
890 2310 932 2375 ad
942 2310 1024 2373 idem
1036 2312 1101 2373 lere

122 2401 245 2469 tempus
260 2403 290 2457 et
309 2393 348 2456 ah
362 2393 458 2457 sociis
472 2411 568 2457 naves
584 2395 757 2459 Chalcidem
773 2401 998 2467 convenerunt,
1020 2394 1101 2454 duae

121 2477 253 2540 Punicae
268 2478 515 2554 quinqueremes,
537 2479 618 2542 duae
632 2481 672 2542 ab
685 2481 834 2542 Heraclea
848 2494 889 2540 ex
902 2477 1000 2541 Ponto
1014 2475 1099 2539 uire-

121 2577 203 2636 mes,
225 2569 369 2636 quattuor
383 2562 592 2637 Chalcedone,
613 2564 740 2627 totidem
755 2562 865 2638 Sarno,
886 2569 950 2624 tum
965 2561 1101 2638 quinque

121 2644 261 2707 Rhodiae
282 2645 503 2721 quadriremes.
530 2647 588 2709 has
608 2654 744 2723 praetor,
771 2647 844 2723 quia
864 2661 1016 2721 nusquam
1036 2652 1102 2707 erat

122 2725 305 2791 maritimum
325 2728 453 2801 bellurn,
477 2730 594 2791 remisit
614 2730 719 2792 sociis.
742 2737 773 2793 et
787 2731 821 2804 0.
836 2730 968 2791 Marcius
983 2727 1100 2789 Chalci·

123 2812 194 2873 dem
213 2811 344 2875 navibus
363 2812 448 2875 venit
463 2812 565 2888 Alope
585 2819 691 2889 capta,
711 2814 827 2886 Larisa,
850 2829 931 2887 quae
946 2812 1101 2873 Cremaste

123 2895 241 2967 dicitur,
258 2902 445 2971 oppugnata.

209 2978 282 3039 Cum
302 2978 353 3039 hic
372 2985 471 3041 status
491 2979 523 3040 in
542 2978 672 3040 Boeotia
690 2986 789 3053 esset,
814 2977 947 3039 Perseus
969 2993 1039 3039 cum
1061 2976 1101 3039 ad

124 3062 298 3140 Sycruium,
313 3062 393 3124 sicut
402 3068 473 3124 ante
484 3061 597 3125 dictum
609 3067 665 3135 est,
681 3062 791 3123 stativa
799 3060 936 3134 haberet,
950 3061 1101 3123 frumento

122 3144 260 3221 undique
275 3145 357 3207 circa
371 3160 411 3207 ex
421 3146 504 3220 agris
516 3152 675 3220 convecto,
691 3145 731 3206 ad
740 3144 922 3207 vastandum
933 3143 1102 3209 Pheraeum

122 3244 229 3324 agrum
243 3227 333 3302 misit,
347 3234 433 3290 ratus
447 3230 487 3291 ad
502 3229 652 3291 iuvandas
669 3228 824 3291 sociormn
837 3229 932 3290 urbes
946 3228 1068 3303 longius
1082 3241 1102 3284 a

122 3311 234 3373 castris
248 3311 420 3375 abstractos
435 3311 624 3389 deprehendi
637 3313 795 3375 Romanos
809 3327 914 3388 posse
938 3326 1017 3387 quos
1033 3323 1101 3371 curn

122 3411 162 3456 eo
176 3394 306 3458 tumultu
318 3394 393 3455 nihil
406 3404 506 3458 motos
521 3395 795 3472 animadvertisset,
816 3396 963 3472 praedam
978 3390 1101 3486 quidem

123 3486 338 3555 praeterquam
359 3478 576 3621 ὴῧιιιίιιιιιιι-
596 3493 711 3554 pecora
730 3485 830 3541 autern
850 3474 982 3618 maxime
1003 3470 1103 3535 omnis

168 3578 195 3619 r
209 3576 272 3619 srva
287 3576 364 3620 raas
863 3567 879 3618 l
