2642 4017
266 283 382 343 LIBER
396 282 526 342 XXXIX.
550 282 633 342 CAP.
648 292 692 345 ιι.
704 292 748 346 ιιι.
771 290 807 357 [a.
821 290 928 360 (3.186]
1047 285 1088 347 2³

108 432 212 493 victum
223 437 254 493 et
265 446 302 491 se
314 430 459 492 liberatos
471 446 550 491 esse.
574 440 609 491 ut
618 447 733 506 equum
743 440 890 508 tenacem,
905 449 967 496 aaa
977 452 1087 513 pareu-

105 524 176 589 tem,
195 514 292 575 irenis
314 514 524 591 asperioribus
542 515 753 590 castigandum
768 532 850 577 esse.
885 517 962 578 haec
977 520 1087 581 acerbe

104 596 255 676 postremi,
272 614 344 658 cum
358 598 478 675 priores
492 598 600 659 leniter
614 598 851 674 permulsissent
864 598 939 660 iram
954 599 1021 662 cius
1032 618 1084 680 pe-

103 690 204 756 tentes,
222 689 256 743 ut
274 680 450 757 ignosceret
461 697 517 757 pro
529 682 667 743 libertate
682 683 889 758 loquentibus,
905 692 936 745 et
948 690 981 745 ut
991 686 1085 761 depo

104 764 157 828 sita
177 764 295 826 domiai
316 765 480 827 acerbitate
500 767 701 828 adsuesceret
715 769 831 828 socium
848 774 941 844 atque
956 768 1086 830 amicum

104 865 170 910 sese
183 856 356 924 praestare,
370 856 401 910 et
413 848 580 910 imitaretur
589 851 736 925 populum
748 851 927 926 Romanum,
944 850 997 927 qui
1008 851 1084 914 cari·

102 947 157 994 tate
178 949 274 1009 quarn
297 941 379 994 metu
399 932 566 1009 adiungere
587 933 646 994 sibi
661 934 764 995 socios
785 936 895 996 mallet.
928 934 1085 997 Tbessalis

103 1015 206 1077 auditis
218 1015 387 1077 Perrhaebi
405 1016 693 1095 Gonnocondylum,
708 1017 962 1095 quodeilippus
981 1018 1083 1099 Olym·

102 1099 221 1175 piadem
232 1100 461 1177 appellaverat,
481 1100 685 1162 Perrhaebiae
699 1101 811 1177 luisse,
833 1109 864 1163 et
877 1110 910 1163 ut
924 1103 982 1164 sibi
995 1103 1081 1164 resti·

103 1189 240 1259 tueretur,
258 1184 408 1260 agebaut;
431 1188 462 1243 et
475 1185 514 1244 da
524 1183 656 1244 Malloea
670 1190 701 1246 ct
711 1184 843 1246 Ericinio
859 1187 965 1247 eadem
977 1195 1082 1262 postu·

102 1267 167 1327 latio
192 1274 269 1329 erat.
305 1267 493 1329 Athamanes
518 1267 686 1328 libertatem
710 1269 889 1344 repetebant
908 1277 940 1330 et
957 1272 1082 1332 castella

101 1351 290 1413 Athenaeum
304 1351 517 1412 etPoetneum.
539 1350 645 1412 XXVI.
667 1351 835 1428 Philippus,
850 1356 1083 1414 utaccusatorls

102 1436 198 1508 potius
214 1451 309 1512 quam
323 1436 368 1494 rei
383 1435 519 1512 speciem
533 1434 667 1510 baberet,
682 1437 734 1497 et
726 1452 794 1513 ipse
805 1452 824 1496 a
836 1436 980 1512 querellis
992 1452 1083 1497 orsus

101 1515 323 1580 Menelaidem
315 1536 345 1578 rn
359 1519 505 1595 Dolopia,
521 1534 601 1595 quae
615 1520 700 1595 regni
716 1520 765 1581 sui
779 1519 902 1594 luisset,
916 1518 1083 1581 Thessalos

104 1601 241 1678 viatque
263 1603 357 1664 armis
380 1618 578 1680 expugnasse
599 1610 729 1678 questus
750 1609 813 1674 est,
835 1603 906 1664 item
919 1602 1061 1662 Petram
1052 1620 1083 1664 rn

102 1682 194 1746 Pieria
207 1687 247 1747 ab
262 1686 373 1748 iisdem
387 1685 543 1748 Thessalis
557 1686 801 1763 Perrhaebisque
816 1693 943 1762 captam.
965 1687 1084 1765 Xynias

106 1770 238 1845 quidem,
254 1770 341 1831 haud
355 1771 447 1831 dubie
461 1771 633 1832 Aetolicum
648 1770 812 1847 oppidum,
827 1769 886 1831 sibi
901 1785 956 1831 eos
972 1772 1083 1831 contri·

104 1850 219 1925 buisse;
243 1861 276 1915 et
286 1853 514 1929 Paracheloida,
530 1868 611 1932 quac
626 1853 685 1914 sub
695 1854 877 1915 Athamania
891 1861 983 1928 esset,
999 1856 1083 1915 nullo

103 1932 164 1996 iure
173 1937 393 1999 Thessalorum
408 1939 556 1999 formulae
571 1938 691 1999 iactam.
715 1953 786 1997 nam
798 1953 877 2013 quae
890 1936 949 1997 sibl
959 1937 1085 1998 crimina

105 2018 271 2083 obiciantur
286 2023 325 2081 de
338 2021 458 2082 insidiis
472 2022 641 2099 legatorum
654 2030 684 2084 et
696 2020 853 2082 maritimis
863 2020 1013 2097 portubus
1025 2022 1084 2081 tre·

108 2106 255 2176 cruentatis
273 2110 326 2165 aut
339 2105 485 2178 desertis,
506 2105 634 2166 alterum
649 2105 848 2166 deridiculum
862 2119 948 2180 esse,
964 2119 1000 2164 se
1014 2104 1082 2165 red·

107 2184 349 2263 uenerationem,
364 2204 444 2265 quos
458 2196 567 2266 portus
582 2196 769 2252 mercatores
784 2195 836 2250 aut
846 2186 959 2250 hauhei
971 2195 1084 2264 petant,

106 2269 223 2332 alterum
249 2288 352 2333 mores
371 2288 521 2349 respuere
541 2290 627 2335 suos.
658 2281 703 2335 tot
722 2289 820 2333 annos
842 2287 914 2332 esse
934 2287 990 2346 per
1004 2287 1083 2347 quos

106 2367 267 2431 numquam
279 2357 469 2417 cessaverint
479 2356 569 2431 legati
580 2372 661 2418 nunc
670 2358 710 2417 ad
720 2353 1084 2432 imperatoresRomanos

106 2451 181 2498 nune
200 2442 333 2502 Romam
353 2441 393 2500 ad
407 2447 548 2502 senatum
568 2440 694 2501 crimina
713 2440 753 2500 de
773 2453 808 2500 se
829 2438 964 2497 deferrer
995 2452 1086 2511 quem

105 2535 247 2597 umquam
264 2524 359 2584 verbo
381 2524 525 2586 motatum
548 2529 642 2585 essct
662 2522 757 2584 semel
778 2520 919 2583 euntibus
939 2521 980 2580 ad
994 2519 1084 2595 Quin·

109 2604 192 2667 ctium
202 2606 334 2668 insidias
346 2606 407 2667 dici
419 2609 531 2669 iactas:
551 2608 608 2669 sed
621 2606 695 2684 quid
706 2606 743 2666 iis
756 2605 908 2677 acciderit,
921 2621 983 2665 non
995 2603 1084 2664 adici.

109 2691 314 2763 quaerentium
330 2691 414 2766 quod
432 2691 511 2752 laiso
527 2690 674 2764 obiciant,
694 2706 762 2749 cum
777 2688 842 2749 veri
856 2687 929 2748 nihil
943 2687 1086 2761 habeant,

112 2786 146 2832 aa
163 2775 291 2835 crimina
311 2790 392 2835 esse.
420 2775 587 2836 insolenter
601 2780 632 2835 ct
645 2772 808 2834 immodice
823 2771 906 2832 abuti
919 2770 1086 2831 Thessalos

110 2852 291 2935 indulgentia
301 2857 552 2934 populiRomaui,
565 2860 648 2919 velut
657 2872 698 2917 ex
709 2855 825 2916 diutina
835 2853 884 2915 siti
895 2854 985 2915 nimis
997 2854 1087 2915 avide

111 2953 217 3004 meram
232 2940 409 3003 haurientes
423 2942 608 3002 libertatem:
629 2941 670 3000 ita
685 2954 844 3000 servorum
859 2939 951 2998 modo
967 2945 1089 3013 praeter

112 3037 191 3097 spem
211 3032 339 3102 repente
357 3025 614 3087 manumissorum
635 3022 788 3084 licentiam
809 3022 895 3082 vocis
917 3028 948 3081 et
967 3022 1089 3097 liuguae

112 3109 248 3186 experiri,
266 3116 297 3170 et
310 3110 423 3170 iactare
437 3124 510 3170 sese
527 3108 728 3169 insectatione
743 3113 773 3167 et
788 3103 936 3166 conviciis
951 3104 1087 3165 domino·

112 3204 181 3253 tum
214 3195 312 3255 elatus
334 3193 445 3255 deinde
467 3193 511 3253 ira
531 3191 643 3253 adiecit
662 3191 798 3252 nondum
819 3191 953 3250 omnium
973 3189 1090 3249 dierum

114 3277 204 3339 solem
224 3278 388 3339 occidisse.
417 3277 449 3338 id
468 3276 625 3336 minaciter
639 3274 753 3336 dictum
767 3289 829 3334 non
844 3271 982 3334 Thessali
997 3272 1089 3332 modo

114 3355 141 3416 in
159 3377 244 3438 sese,
266 3362 323 3422 sed
344 3363 432 3422 etiam
447 3359 575 3422 Romani
596 3365 790 3435 acceperunt
826 3364 856 3418 et
870 3372 939 3417 cum
953 3352 1091 3415 fremitus

115 3454 180 3515 post
200 3461 267 3506 eanr
281 3462 391 3507 vocam
406 3453 491 3508 ortus
506 3452 537 3504 et
549 3445 672 3506 taudem
686 3442 813 3505 sedatus
828 3446 928 3513 esset,
946 3434 1091 3496 Perrhae·

115 3520 216 3591 borum
229 3529 302 3591 inde
316 3530 585 3605 Athamanumque
599 3526 707 3602 legatis
721 3523 884 3601 respondit
897 3518 1036 3591 eandem,
1055 3517 1091 3578 dc
