<?xml version="1.0" encoding="UTF-8"?>
<!DOCTYPE html PUBLIC "-//W3C//DTD XHTML 1.0 Transitional//EN"
    "http://www.w3.org/TR/xhtml1/DTD/xhtml1-transitional.dtd">
<html xmlns="http://www.w3.org/1999/xhtml" xml:lang="en" lang="en">
 <head>
  <title>
</title>
<meta http-equiv="Content-Type" content="text/html;charset=utf-8" />
  <meta name='ocr-system' content='tesseract 3.04.00' />
  <meta name='ocr-capabilities' content='ocr_page ocr_carea ocr_par ocr_line ocrx_word'/>
</head>
<body>
  <div class='ocr_page' id='page_1' title='image "./aburbeconditali01mlgoog_0231.png"; bbox 0 0 2642 4017; ppageno 0'>
   <div class='ocr_carea' id='block_1_1' title="bbox 312 239 1098 322">
    <p class='ocr_par' dir='ltr' id='par_1_1' title="bbox 312 239 1098 322">
     <span class='ocr_line' id='line_1_1' title="bbox 312 239 1098 322; baseline 0.015 -23"><span class='ocrx_word' id='word_1_1' title='bbox 312 239 429 301; x_wconf 80' lang='lat' dir='ltr'><strong>ursus</strong></span> <span class='ocrx_word' id='word_1_2' title='bbox 441 241 543 301; x_wconf 83' lang='lat' dir='ltr'><strong>xum.</strong></span> <span class='ocrx_word' id='word_1_3' title='bbox 566 241 906 322; x_wconf 65' lang='lat' dir='ltr'><strong>canaanque]</strong></span> <span class='ocrx_word' id='word_1_4' title='bbox 1035 245 1098 310; x_wconf 83' lang='lat' dir='ltr'><strong>1aa</strong></span> 
     </span>
    </p>
   </div>
   <div class='ocr_carea' id='block_1_2' title="bbox 37 391 1126 3629">
    <p class='ocr_par' dir='ltr' id='par_1_2' title="bbox 37 391 1126 3043">
     <span class='ocr_line' id='line_1_2' title="bbox 120 391 1104 474; baseline 0.004 -22"><span class='ocrx_word' id='word_1_5' title='bbox 120 391 253 452; x_wconf 87' lang='lat' dir='ltr'><strong>Hostilio</strong></span> <span class='ocrx_word' id='word_1_6' title='bbox 269 396 343 464; x_wconf 85' lang='lat' dir='ltr'><strong>erat,</strong></span> <span class='ocrx_word' id='word_1_7' title='bbox 366 392 522 466; x_wconf 77' lang='lat' dir='ltr'>querellae</span> <span class='ocrx_word' id='word_1_8' title='bbox 536 391 576 451; x_wconf 92' lang='lat' dir='ltr'><strong>ad</strong></span> <span class='ocrx_word' id='word_1_9' title='bbox 594 399 734 453; x_wconf 87' lang='lat' dir='ltr'><strong>senatum</strong></span> <span class='ocrx_word' id='word_1_10' title='bbox 750 393 869 465; x_wconf 84' lang='lat' dir='ltr'><strong>delatae</strong></span> <span class='ocrx_word' id='word_1_11' title='bbox 885 404 956 457; x_wconf 84' lang='lat' dir='ltr'><strong>sunl</strong></span> <span class='ocrx_word' id='word_1_12' title='bbox 969 405 999 457; x_wconf 89' lang='lat' dir='ltr'><strong>et</strong></span> <span class='ocrx_word' id='word_1_13' title='bbox 1013 397 1104 474; x_wconf 73' lang='lat' dir='ltr'><strong>legali</strong></span> 
     </span>
     <span class='ocr_line' id='line_1_3' title="bbox 119 473 1101 558; baseline 0.008 -24"><span class='ocrx_word' id='word_1_14' title='bbox 119 475 204 549; x_wconf 75' lang='lat' dir='ltr'><strong>regis</strong></span> <span class='ocrx_word' id='word_1_15' title='bbox 226 474 382 558; x_wconf 65' lang='lat' dir='ltr'><strong>Galloruun</strong></span> <span class='ocrx_word' id='word_1_16' title='bbox 404 473 539 549; x_wconf 75' lang='lat' dir='ltr'><strong>Cincibili</strong></span> <span class='ocrx_word' id='word_1_17' title='bbox 565 482 725 535; x_wconf 85' lang='lat' dir='ltr'><strong>venerunt</strong></span> <span class='ocrx_word' id='word_1_18' title='bbox 756 476 936 537; x_wconf 81' lang='lat' dir='ltr'><strong>hetereius</strong></span> <span class='ocrx_word' id='word_1_19' title='bbox 956 479 1051 541; x_wconf 88' lang='lat' dir='ltr'><strong>verba</strong></span> <span class='ocrx_word' id='word_1_20' title='bbox 1070 482 1101 542; x_wconf 91' lang='lat' dir='ltr'><strong>in</strong></span> 
     </span>
     <span class='ocr_line' id='line_1_4' title="bbox 102 557 1101 635; baseline 0.005 -16"><span class='ocrx_word' id='word_1_21' title='bbox 102 618 106 625; x_wconf 81' lang='grc'>,</span> <span class='ocrx_word' id='word_1_22' title='bbox 121 566 232 619; x_wconf 90' lang='lat' dir='ltr'><strong>senatu</strong></span> <span class='ocrx_word' id='word_1_23' title='bbox 247 557 329 631; x_wconf 86' lang='lat' dir='ltr'><strong>iecit,</strong></span> <span class='ocrx_word' id='word_1_24' title='bbox 353 564 483 632; x_wconf 90' lang='lat' dir='ltr'><strong>questus</strong></span> <span class='ocrx_word' id='word_1_25' title='bbox 497 558 679 633; x_wconf 86' lang='lat' dir='ltr'><strong>Alpinorum</strong></span> <span class='ocrx_word' id='word_1_26' title='bbox 692 560 879 634; x_wconf 89' lang='lat' dir='ltr'><strong>populorum</strong></span> <span class='ocrx_word' id='word_1_27' title='bbox 894 576 986 635; x_wconf 77' lang='lat' dir='ltr'><strong>agros</strong></span> <span class='ocrx_word' id='word_1_28' title='bbox 1001 565 1101 625; x_wconf 83' lang='lat' dir='ltr'><strong>socio-</strong></span> 
     </span>
     <span class='ocr_line' id='line_1_5' title="bbox 118 640 1102 716; baseline 0.006 -14"><span class='ocrx_word' id='word_1_29' title='bbox 118 657 186 702; x_wconf 91' lang='lat' dir='ltr'><strong>rum</strong></span> <span class='ocrx_word' id='word_1_30' title='bbox 204 656 328 702; x_wconf 83' lang='lat' dir='ltr'><strong>suorum</strong></span> <span class='ocrx_word' id='word_1_31' title='bbox 351 640 570 716; x_wconf 90' lang='lat' dir='ltr'><strong>depopulatum</strong></span> <span class='ocrx_word' id='word_1_32' title='bbox 592 641 623 702; x_wconf 84' lang='lat' dir='ltr'><strong>c.</strong></span> <span class='ocrx_word' id='word_1_33' title='bbox 639 641 780 704; x_wconf 80' lang='lat' dir='ltr'><strong>Cassium</strong></span> <span class='ocrx_word' id='word_1_34' title='bbox 794 657 866 704; x_wconf 90' lang='lat' dir='ltr'><strong>esse</strong></span> <span class='ocrx_word' id='word_1_35' title='bbox 881 648 911 703; x_wconf 91' lang='lat' dir='ltr'><strong>et</strong></span> <span class='ocrx_word' id='word_1_36' title='bbox 924 644 995 703; x_wconf 89' lang='lat' dir='ltr'><strong>inde</strong></span> <span class='ocrx_word' id='word_1_37' title='bbox 1009 647 1102 707; x_wconf 75' lang='lat' dir='ltr'><strong>mmm</strong></span> 
     </span>
     <span class='ocr_line' id='line_1_6' title="bbox 118 722 1101 802; baseline 0.005 -18"><span class='ocrx_word' id='word_1_38' title='bbox 118 724 203 785; x_wconf 90' lang='lat' dir='ltr'><strong>milia</strong></span> <span class='ocrx_word' id='word_1_39' title='bbox 222 723 378 785; x_wconf 87' lang='lat' dir='ltr'><strong>hominum</strong></span> <span class='ocrx_word' id='word_1_40' title='bbox 399 722 431 784; x_wconf 92' lang='lat' dir='ltr'><strong>in</strong></span> <span class='ocrx_word' id='word_1_41' title='bbox 453 725 629 787; x_wconf 87' lang='lat' dir='ltr'><strong>servitutem</strong></span> <span class='ocrx_word' id='word_1_42' title='bbox 648 726 834 802; x_wconf 80' lang='lat' dir='ltr'><strong>abripuisse.</strong></span> <span class='ocrx_word' id='word_1_43' title='bbox 859 727 917 787; x_wconf 89' lang='lat' dir='ltr'><strong>sub</strong></span> <span class='ocrx_word' id='word_1_44' title='bbox 932 727 1013 789; x_wconf 90' lang='lat' dir='ltr'><strong>idem</strong></span> <span class='ocrx_word' id='word_1_45' title='bbox 1027 735 1101 795; x_wconf 88' lang='lat' dir='ltr'><strong>tem-</strong></span> 
     </span>
     <span class='ocr_line' id='line_1_7' title="bbox 86 807 1097 889; baseline 0.008 -26"><span class='ocrx_word' id='word_1_46' title='bbox 86 824 182 885; x_wconf 91' lang='lat' dir='ltr'><strong>·.pus</strong></span> <span class='ocrx_word' id='word_1_47' title='bbox 201 807 368 869; x_wconf 80' lang='lat' dir='ltr'><strong>Carnorum</strong></span> <span class='ocrx_word' id='word_1_48' title='bbox 390 808 600 883; x_wconf 78' lang='lat' dir='ltr'><strong>lacerumque</strong></span> <span class='ocrx_word' id='word_1_49' title='bbox 621 817 652 870; x_wconf 89' lang='lat' dir='ltr'><strong>et</strong></span> <span class='ocrx_word' id='word_1_50' title='bbox 664 810 816 889; x_wconf 80' lang='lat' dir='ltr'><strong>Iapydum</strong></span> <span class='ocrx_word' id='word_1_51' title='bbox 830 810 923 885; x_wconf 77' lang='lat' dir='ltr'><strong>legati</strong></span> <span class='ocrx_word' id='word_1_52' title='bbox 938 818 1097 873; x_wconf 69' lang='lat' dir='ltr'><strong>venerante</strong></span> 
     </span>
     <span class='ocr_line' id='line_1_8' title="bbox 120 890 1100 971; baseline 0.007 -21"><span class='ocrx_word' id='word_1_53' title='bbox 120 892 220 952; x_wconf 89' lang='lat' dir='ltr'><strong>duces</strong></span> <span class='ocrx_word' id='word_1_54' title='bbox 241 890 300 953; x_wconf 89' lang='lat' dir='ltr'><strong>sibi</strong></span> <span class='ocrx_word' id='word_1_55' title='bbox 320 891 360 952; x_wconf 92' lang='lat' dir='ltr'><strong>ab</strong></span> <span class='ocrx_word' id='word_1_56' title='bbox 382 892 509 971; x_wconf 87' lang='lat' dir='ltr'><strong>consule</strong></span> <span class='ocrx_word' id='word_1_57' title='bbox 530 891 637 953; x_wconf 79' lang='lat' dir='ltr'><strong>Cassio</strong></span> <span class='ocrx_word' id='word_1_58' title='bbox 657 892 789 968; x_wconf 89' lang='lat' dir='ltr'><strong>primum</strong></span> <span class='ocrx_word' id='word_1_59' title='bbox 802 892 978 969; x_wconf 90' lang='lat' dir='ltr'><strong>imperatos,</strong></span> <span class='ocrx_word' id='word_1_60' title='bbox 1003 896 1100 971; x_wconf 89' lang='lat' dir='ltr'><strong>quiin</strong></span> 
     </span>
     <span class='ocr_line' id='line_1_9' title="bbox 119 973 1100 1054; baseline 0.005 -18"><span class='ocrx_word' id='word_1_61' title='bbox 119 973 335 1036; x_wconf 86' lang='lat' dir='ltr'><strong>Macedoniam</strong></span> <span class='ocrx_word' id='word_1_62' title='bbox 346 975 469 1036; x_wconf 89' lang='lat' dir='ltr'><strong>ducenti</strong></span> <span class='ocrx_word' id='word_1_63' title='bbox 480 976 942 1049; x_wconf 64' lang='lat' dir='ltr'><strong>exereitumltermonstrerenta</strong></span> <span class='ocrx_word' id='word_1_64' title='bbox 958 987 1100 1054; x_wconf 89' lang='lat' dir='ltr'><strong>pacatum</strong></span> 
     </span>
     <span class='ocr_line' id='line_1_10' title="bbox 51 1057 1101 1135; baseline 0.005 -17"><span class='ocrx_word' id='word_1_65' title='bbox 51 1064 53 1067; x_wconf 80' lang='grc'>’</span> <span class='ocrx_word' id='word_1_66' title='bbox 120 1059 160 1119; x_wconf 91' lang='lat' dir='ltr'><strong>ab</strong></span> <span class='ocrx_word' id='word_1_67' title='bbox 181 1073 217 1119; x_wconf 88' lang='lat' dir='ltr'><strong>se</strong></span> <span class='ocrx_word' id='word_1_68' title='bbox 237 1065 393 1133; x_wconf 75' lang='lat' dir='ltr'><strong>tamquam</strong></span> <span class='ocrx_word' id='word_1_69' title='bbox 413 1057 454 1119; x_wconf 88' lang='lat' dir='ltr'><strong>ad</strong></span> <span class='ocrx_word' id='word_1_70' title='bbox 474 1057 556 1119; x_wconf 91' lang='lat' dir='ltr'><strong>aliud</strong></span> <span class='ocrx_word' id='word_1_71' title='bbox 576 1060 688 1121; x_wconf 88' lang='lat' dir='ltr'><strong>bellam</strong></span> <span class='ocrx_word' id='word_1_72' title='bbox 710 1061 879 1135; x_wconf 75' lang='lat' dir='ltr'><strong>gerendum</strong></span> <span class='ocrx_word' id='word_1_73' title='bbox 894 1061 1006 1123; x_wconf 87' lang='lat' dir='ltr'><strong>abisse.</strong></span> <span class='ocrx_word' id='word_1_74' title='bbox 1028 1063 1101 1126; x_wconf 91' lang='lat' dir='ltr'><strong>inde</strong></span> 
     </span>
     <span class='ocr_line' id='line_1_11' title="bbox 119 1141 1099 1221; baseline 0.007 -20"><span class='ocrx_word' id='word_1_75' title='bbox 119 1157 161 1202; x_wconf 85' lang='lat' dir='ltr'><strong>ex</strong></span> <span class='ocrx_word' id='word_1_76' title='bbox 180 1141 282 1202; x_wconf 88' lang='lat' dir='ltr'><strong>medio</strong></span> <span class='ocrx_word' id='word_1_77' title='bbox 308 1155 484 1216; x_wconf 72' lang='lat' dir='ltr'><strong>regressum</strong></span> <span class='ocrx_word' id='word_1_78' title='bbox 504 1141 612 1204; x_wconf 86' lang='lat' dir='ltr'><strong>itinere</strong></span> <span class='ocrx_word' id='word_1_79' title='bbox 636 1142 789 1205; x_wconf 69' lang='lat' dir='ltr'><strong>hostiliter</strong></span> <span class='ocrx_word' id='word_1_80' title='bbox 814 1160 1000 1221; x_wconf 73' lang='lat' dir='ltr'>peragrasse</span> <span class='ocrx_word' id='word_1_81' title='bbox 1020 1147 1099 1208; x_wconf 88' lang='lat' dir='ltr'><strong>hues</strong></span> 
     </span>
     <span class='ocr_line' id='line_1_12' title="bbox 119 1225 1100 1301; baseline 0.006 -16"><span class='ocrx_word' id='word_1_82' title='bbox 119 1240 208 1301; x_wconf 90' lang='lat' dir='ltr'><strong>suos,</strong></span> <span class='ocrx_word' id='word_1_83' title='bbox 222 1225 335 1285; x_wconf 88' lang='lat' dir='ltr'><strong>caedes</strong></span> <span class='ocrx_word' id='word_1_84' title='bbox 349 1226 466 1300; x_wconf 87' lang='lat' dir='ltr'><strong>passim</strong></span> <span class='ocrx_word' id='word_1_85' title='bbox 480 1225 668 1301; x_wconf 87' lang='lat' dir='ltr'><strong>rapinasque</strong></span> <span class='ocrx_word' id='word_1_86' title='bbox 682 1237 713 1289; x_wconf 91' lang='lat' dir='ltr'><strong>et</strong></span> <span class='ocrx_word' id='word_1_87' title='bbox 725 1227 867 1289; x_wconf 89' lang='lat' dir='ltr'><strong>incendia</strong></span> <span class='ocrx_word' id='word_1_88' title='bbox 881 1229 976 1300; x_wconf 68' lang='lat' dir='ltr'><strong>factm</strong></span> <span class='ocrx_word' id='word_1_89' title='bbox 992 1245 1050 1292; x_wconf 90' lang='lat' dir='ltr'><strong>nec</strong></span> <span class='ocrx_word' id='word_1_90' title='bbox 1064 1246 1100 1291; x_wconf 89' lang='lat' dir='ltr'><strong>se</strong></span> 
     </span>
     <span class='ocr_line' id='line_1_13' title="bbox 119 1309 1098 1389; baseline 0.004 -19"><span class='ocrx_word' id='word_1_91' title='bbox 119 1309 211 1370; x_wconf 88' lang='lat' dir='ltr'><strong>adid</strong></span> <span class='ocrx_word' id='word_1_92' title='bbox 232 1311 370 1372; x_wconf 85' lang='lat' dir='ltr'><strong>locorum</strong></span> <span class='ocrx_word' id='word_1_93' title='bbox 390 1309 486 1383; x_wconf 92' lang='lat' dir='ltr'><strong>scire,</strong></span> <span class='ocrx_word' id='word_1_94' title='bbox 511 1316 747 1386; x_wconf 86' lang='lat' dir='ltr'><strong>propterquam</strong></span> <span class='ocrx_word' id='word_1_95' title='bbox 767 1328 892 1374; x_wconf 91' lang='lat' dir='ltr'><strong>causam</strong></span> <span class='ocrx_word' id='word_1_96' title='bbox 908 1314 1027 1374; x_wconf 88' lang='lat' dir='ltr'><strong>consuli</strong></span> <span class='ocrx_word' id='word_1_97' title='bbox 1041 1330 1098 1389; x_wconf 85' lang='lat' dir='ltr'><strong>pro</strong></span> 
     </span>
     <span class='ocr_line' id='line_1_14' title="bbox 119 1392 1097 1473; baseline 0.006 -20"><span class='ocrx_word' id='word_1_98' title='bbox 119 1393 262 1455; x_wconf 78' lang='lat' dir='ltr'><strong>hostibus</strong></span> <span class='ocrx_word' id='word_1_99' title='bbox 277 1392 397 1453; x_wconf 85' lang='lat' dir='ltr'><strong>luerint.</strong></span> <span class='ocrx_word' id='word_1_100' title='bbox 419 1400 450 1453; x_wconf 89' lang='lat' dir='ltr'><strong>et</strong></span> <span class='ocrx_word' id='word_1_101' title='bbox 462 1394 570 1468; x_wconf 57' lang='lat' dir='ltr'><strong>amado</strong></span> <span class='ocrx_word' id='word_1_102' title='bbox 586 1393 743 1457; x_wconf 80' lang='lat' dir='ltr'><strong>Gallorum</strong></span> <span class='ocrx_word' id='word_1_103' title='bbox 758 1397 878 1457; x_wconf 89' lang='lat' dir='ltr'><strong>absenti</strong></span> <span class='ocrx_word' id='word_1_104' title='bbox 893 1396 985 1457; x_wconf 90' lang='lat' dir='ltr'><strong>ethis</strong></span> <span class='ocrx_word' id='word_1_105' title='bbox 1000 1413 1097 1473; x_wconf 92' lang='lat' dir='ltr'><strong>popu-</strong></span> 
     </span>
     <span class='ocr_line' id='line_1_15' title="bbox 119 1477 1098 1555; baseline 0.005 -19"><span class='ocrx_word' id='word_1_106' title='bbox 119 1477 159 1536; x_wconf 88' lang='lat' dir='ltr'><strong>lis</strong></span> <span class='ocrx_word' id='word_1_107' title='bbox 174 1491 357 1552; x_wconf 86' lang='lat' dir='ltr'><strong>responsum</strong></span> <span class='ocrx_word' id='word_1_108' title='bbox 374 1482 422 1537; x_wconf 84' lang='lat' dir='ltr'><strong>est</strong></span> <span class='ocrx_word' id='word_1_109' title='bbox 435 1484 574 1538; x_wconf 88' lang='lat' dir='ltr'><strong>senatum</strong></span> <span class='ocrx_word' id='word_1_110' title='bbox 589 1492 635 1550; x_wconf 91' lang='lat' dir='ltr'><strong>ea,</strong></span> <span class='ocrx_word' id='word_1_111' title='bbox 652 1494 732 1553; x_wconf 90' lang='lat' dir='ltr'><strong>quae</strong></span> <span class='ocrx_word' id='word_1_112' title='bbox 747 1481 829 1541; x_wconf 85' lang='lat' dir='ltr'><strong>laeta</strong></span> <span class='ocrx_word' id='word_1_113' title='bbox 843 1487 1026 1555; x_wconf 88' lang='lat' dir='ltr'><strong>querentur,</strong></span> <span class='ocrx_word' id='word_1_114' title='bbox 1046 1497 1098 1541; x_wconf 89' lang='lat' dir='ltr'><strong>ne·</strong></span> 
     </span>
     <span class='ocr_line' id='line_1_16' title="bbox 97 1559 1099 1638; baseline 0.004 -16"><span class='ocrx_word' id='word_1_115' title='bbox 97 1566 183 1637; x_wconf 87' lang='lat' dir='ltr'><strong>&#39;que</strong></span> <span class='ocrx_word' id='word_1_116' title='bbox 195 1560 295 1621; x_wconf 89' lang='lat' dir='ltr'><strong>scisse</strong></span> <span class='ocrx_word' id='word_1_117' title='bbox 306 1562 417 1634; x_wconf 85' lang='lat' dir='ltr'><strong>lutura,</strong></span> <span class='ocrx_word' id='word_1_118' title='bbox 433 1576 534 1635; x_wconf 90' lang='lat' dir='ltr'><strong>neque</strong></span> <span class='ocrx_word' id='word_1_119' title='bbox 548 1559 577 1621; x_wconf 88' lang='lat' dir='ltr'><strong>si</strong></span> <span class='ocrx_word' id='word_1_120' title='bbox 587 1562 649 1621; x_wconf 87' lang='lat' dir='ltr'><strong>siut</strong></span> <span class='ocrx_word' id='word_1_121' title='bbox 658 1563 748 1637; x_wconf 87' lang='lat' dir='ltr'><strong>iacta,</strong></span> <span class='ocrx_word' id='word_1_122' title='bbox 762 1563 904 1638; x_wconf 88' lang='lat' dir='ltr'><strong>probare.</strong></span> <span class='ocrx_word' id='word_1_123' title='bbox 917 1563 974 1622; x_wconf 88' lang='lat' dir='ltr'><strong>sed</strong></span> <span class='ocrx_word' id='word_1_124' title='bbox 984 1561 1099 1625; x_wconf 89' lang='lat' dir='ltr'><strong>indicta</strong></span> 
     </span>
     <span class='ocr_line' id='line_1_17' title="bbox 119 1644 1097 1724; baseline 0.002 -19"><span class='ocrx_word' id='word_1_125' title='bbox 119 1660 216 1705; x_wconf 90' lang='lat' dir='ltr'><strong>eausa</strong></span> <span class='ocrx_word' id='word_1_126' title='bbox 232 1644 370 1705; x_wconf 89' lang='lat' dir='ltr'><strong>damnari</strong></span> <span class='ocrx_word' id='word_1_127' title='bbox 380 1644 538 1706; x_wconf 79' lang='lat' dir='ltr'><strong>absentem</strong></span> <span class='ocrx_word' id='word_1_128' title='bbox 549 1646 743 1706; x_wconf 88' lang='lat' dir='ltr'><strong>consularem</strong></span> <span class='ocrx_word' id='word_1_129' title='bbox 753 1646 852 1707; x_wconf 90' lang='lat' dir='ltr'><strong>virum</strong></span> <span class='ocrx_word' id='word_1_130' title='bbox 862 1645 1005 1707; x_wconf 77' lang='lat' dir='ltr'><strong>mianum</strong></span> <span class='ocrx_word' id='word_1_131' title='bbox 1016 1663 1097 1724; x_wconf 90' lang='lat' dir='ltr'><strong>esse,</strong></span> 
     </span>
     <span class='ocr_line' id='line_1_18' title="bbox 120 1726 1126 1804; baseline 0.004 -15"><span class='ocrx_word' id='word_1_132' title='bbox 120 1744 190 1790; x_wconf 88' lang='lat' dir='ltr'><strong>cum</strong></span> <span class='ocrx_word' id='word_1_133' title='bbox 205 1726 233 1790; x_wconf 89' lang='lat' dir='ltr'><strong>is</strong></span> <span class='ocrx_word' id='word_1_134' title='bbox 246 1728 291 1788; x_wconf 88' lang='lat' dir='ltr'><strong>rei</strong></span> <span class='ocrx_word' id='word_1_135' title='bbox 304 1726 447 1804; x_wconf 85' lang='lat' dir='ltr'><strong>publicae</strong></span> <span class='ocrx_word' id='word_1_136' title='bbox 462 1744 557 1789; x_wconf 88' lang='lat' dir='ltr'><strong>eausa</strong></span> <span class='ocrx_word' id='word_1_137' title='bbox 570 1727 665 1790; x_wconf 76' lang='lat' dir='ltr'><strong>absita</strong></span> <span class='ocrx_word' id='word_1_138' title='bbox 686 1729 739 1791; x_wconf 89' lang='lat' dir='ltr'><strong>ubi</strong></span> <span class='ocrx_word' id='word_1_139' title='bbox 753 1746 793 1791; x_wconf 90' lang='lat' dir='ltr'><strong>ex</strong></span> <span class='ocrx_word' id='word_1_140' title='bbox 806 1729 988 1793; x_wconf 84' lang='lat' dir='ltr'><strong>Macedonia</strong></span> <span class='ocrx_word' id='word_1_141' title='bbox 1001 1732 1098 1794; x_wconf 90' lang='lat' dir='ltr'><strong>redis·</strong></span> <span class='ocrx_word' id='word_1_142' title='bbox 1124 1788 1126 1793; x_wconf 89' lang='lat'><em>.</em></span> 
     </span>
     <span class='ocr_line' id='line_1_19' title="bbox 108 1810 1099 1891; baseline 0.002 -15"><span class='ocrx_word' id='word_1_143' title='bbox 108 1819 168 1877; x_wconf 80' lang='lat' dir='ltr'><strong>set</strong></span> <span class='ocrx_word' id='word_1_144' title='bbox 178 1811 209 1873; x_wconf 84' lang='lat' dir='ltr'><strong>c.</strong></span> <span class='ocrx_word' id='word_1_145' title='bbox 223 1810 358 1887; x_wconf 88' lang='lat' dir='ltr'><strong>cassius,</strong></span> <span class='ocrx_word' id='word_1_146' title='bbox 372 1819 444 1887; x_wconf 91' lang='lat' dir='ltr'><strong>tum,</strong></span> <span class='ocrx_word' id='word_1_147' title='bbox 459 1812 487 1873; x_wconf 92' lang='lat' dir='ltr'><strong>si</strong></span> <span class='ocrx_word' id='word_1_148' title='bbox 498 1828 601 1875; x_wconf 88' lang='lat' dir='ltr'><strong>coram</strong></span> <span class='ocrx_word' id='word_1_149' title='bbox 613 1828 683 1874; x_wconf 90' lang='lat' dir='ltr'><strong>enm</strong></span> <span class='ocrx_word' id='word_1_150' title='bbox 700 1829 829 1888; x_wconf 75' lang='lat' dir='ltr'><strong>arguere</strong></span> <span class='ocrx_word' id='word_1_151' title='bbox 839 1815 961 1887; x_wconf 79' lang='lat' dir='ltr'><strong>vellem,</strong></span> <span class='ocrx_word' id='word_1_152' title='bbox 976 1816 1099 1891; x_wconf 81' lang='lat' dir='ltr'><strong>cognita</strong></span> 
     </span>
     <span class='ocr_line' id='line_1_20' title="bbox 118 1895 1097 1975; baseline 0.002 -17"><span class='ocrx_word' id='word_1_153' title='bbox 118 1912 154 1958; x_wconf 91' lang='lat' dir='ltr'><strong>re</strong></span> <span class='ocrx_word' id='word_1_154' title='bbox 168 1901 308 1958; x_wconf 88' lang='lat' dir='ltr'><strong>sanatum</strong></span> <span class='ocrx_word' id='word_1_155' title='bbox 322 1897 463 1959; x_wconf 87' lang='lat' dir='ltr'><strong>daturum</strong></span> <span class='ocrx_word' id='word_1_156' title='bbox 478 1912 613 1972; x_wconf 80' lang='lat' dir='ltr'><strong>operam,</strong></span> <span class='ocrx_word' id='word_1_157' title='bbox 632 1895 677 1958; x_wconf 87' lang='lat' dir='ltr'><strong>uli</strong></span> <span class='ocrx_word' id='word_1_158' title='bbox 692 1897 830 1958; x_wconf 81' lang='lat' dir='ltr'><strong>satisfiat</strong></span> <span class='ocrx_word' id='word_1_159' title='bbox 845 1912 903 1958; x_wconf 85' lang='lat' dir='ltr'><strong>uec</strong></span> <span class='ocrx_word' id='word_1_160' title='bbox 915 1900 1097 1975; x_wconf 85' lang='lat' dir='ltr'><strong>responderi</strong></span> 
     </span>
     <span class='ocr_line' id='line_1_21' title="bbox 119 1978 1098 2057; baseline -0.001 -15"><span class='ocrx_word' id='word_1_161' title='bbox 119 1987 236 2042; x_wconf 90' lang='lat' dir='ltr'><strong>tantum</strong></span> <span class='ocrx_word' id='word_1_162' title='bbox 256 1978 294 2042; x_wconf 90' lang='lat' dir='ltr'><strong>iis</strong></span> <span class='ocrx_word' id='word_1_163' title='bbox 314 1981 472 2055; x_wconf 81' lang='lat' dir='ltr'><strong>gentibus,</strong></span> <span class='ocrx_word' id='word_1_164' title='bbox 494 1981 550 2041; x_wconf 89' lang='lat' dir='ltr'><strong>sed</strong></span> <span class='ocrx_word' id='word_1_165' title='bbox 571 1983 688 2056; x_wconf 83' lang='lat' dir='ltr'><strong>legatos</strong></span> <span class='ocrx_word' id='word_1_166' title='bbox 704 1981 791 2056; x_wconf 87' lang='lat' dir='ltr'><strong>mitti,</strong></span> <span class='ocrx_word' id='word_1_167' title='bbox 810 1980 889 2042; x_wconf 91' lang='lat' dir='ltr'><strong>duos</strong></span> <span class='ocrx_word' id='word_1_168' title='bbox 904 1982 945 2041; x_wconf 86' lang='lat' dir='ltr'><strong>od</strong></span> <span class='ocrx_word' id='word_1_169' title='bbox 959 1983 1098 2057; x_wconf 57' lang='lat' dir='ltr'><strong>umanum</strong></span> 
     </span>
     <span class='ocr_line' id='line_1_22' title="bbox 119 2063 1098 2142; baseline -0.002 -16"><span class='ocrx_word' id='word_1_170' title='bbox 119 2072 205 2126; x_wconf 82' lang='lat' dir='ltr'><strong>uans</strong></span> <span class='ocrx_word' id='word_1_171' title='bbox 214 2065 321 2139; x_wconf 83' lang='lat' dir='ltr'><strong>Alpes,</strong></span> <span class='ocrx_word' id='word_1_172' title='bbox 336 2071 399 2125; x_wconf 89' lang='lat' dir='ltr'><strong>tres</strong></span> <span class='ocrx_word' id='word_1_173' title='bbox 411 2065 492 2126; x_wconf 89' lang='lat' dir='ltr'><strong>circa</strong></span> <span class='ocrx_word' id='word_1_174' title='bbox 503 2080 559 2126; x_wconf 91' lang='lat' dir='ltr'><strong>eos</strong></span> <span class='ocrx_word' id='word_1_175' title='bbox 570 2067 705 2141; x_wconf 90' lang='lat' dir='ltr'><strong>populos</strong></span> <span class='ocrx_word' id='word_1_176' title='bbox 717 2064 840 2142; x_wconf 82' lang='lat' dir='ltr'><strong>placuit,</strong></span> <span class='ocrx_word' id='word_1_177' title='bbox 857 2063 911 2140; x_wconf 89' lang='lat' dir='ltr'><strong>qui</strong></span> <span class='ocrx_word' id='word_1_178' title='bbox 920 2063 1098 2140; x_wconf 84' lang='lat' dir='ltr'><strong>indicarent,</strong></span> 
     </span>
     <span class='ocr_line' id='line_1_23' title="bbox 121 2147 1098 2224; baseline 0.002 -16"><span class='ocrx_word' id='word_1_179' title='bbox 121 2164 201 2224; x_wconf 91' lang='lat' dir='ltr'><strong>quae</strong></span> <span class='ocrx_word' id='word_1_180' title='bbox 215 2155 335 2224; x_wconf 88' lang='lat' dir='ltr'><strong>patrum</strong></span> <span class='ocrx_word' id='word_1_181' title='bbox 349 2150 499 2211; x_wconf 87' lang='lat' dir='ltr'><strong>sententia</strong></span> <span class='ocrx_word' id='word_1_182' title='bbox 513 2157 606 2210; x_wconf 87' lang='lat' dir='ltr'><strong>esset.</strong></span> <span class='ocrx_word' id='word_1_183' title='bbox 621 2166 749 2210; x_wconf 88' lang='lat' dir='ltr'><strong>munera</strong></span> <span class='ocrx_word' id='word_1_184' title='bbox 762 2148 838 2209; x_wconf 89' lang='lat' dir='ltr'><strong>mitti</strong></span> <span class='ocrx_word' id='word_1_185' title='bbox 848 2149 956 2222; x_wconf 80' lang='lat' dir='ltr'><strong>legatis</strong></span> <span class='ocrx_word' id='word_1_186' title='bbox 968 2164 1007 2210; x_wconf 85' lang='lat' dir='ltr'><strong>ex</strong></span> <span class='ocrx_word' id='word_1_187' title='bbox 1017 2147 1098 2210; x_wconf 91' lang='lat' dir='ltr'><strong>binis</strong></span> 
     </span>
     <span class='ocr_line' id='line_1_24' title="bbox 64 2230 1098 2306; baseline 0 -13"><span class='ocrx_word' id='word_1_188' title='bbox 64 2238 68 2246; x_wconf 40' lang='lat' dir='ltr'><em>f</em></span> <span class='ocrx_word' id='word_1_189' title='bbox 119 2233 243 2295; x_wconf 89' lang='lat' dir='ltr'><strong>milibus</strong></span> <span class='ocrx_word' id='word_1_190' title='bbox 265 2233 345 2294; x_wconf 87' lang='lat' dir='ltr'><strong>aeris</strong></span> <span class='ocrx_word' id='word_1_191' title='bbox 368 2240 562 2295; x_wconf 87' lang='lat' dir='ltr'><strong>censuerunt.</strong></span> <span class='ocrx_word' id='word_1_192' title='bbox 586 2234 708 2295; x_wconf 89' lang='lat' dir='ltr'><strong>duobus</strong></span> <span class='ocrx_word' id='word_1_193' title='bbox 728 2230 873 2293; x_wconf 81' lang='lat' dir='ltr'><strong>iratribus</strong></span> <span class='ocrx_word' id='word_1_194' title='bbox 891 2231 1007 2306; x_wconf 77' lang='lat' dir='ltr'><strong>regulis</strong></span> <span class='ocrx_word' id='word_1_195' title='bbox 1021 2231 1098 2293; x_wconf 90' lang='lat' dir='ltr'><strong>baec</strong></span> 
     </span>
     <span class='ocr_line' id='line_1_25' title="bbox 119 2315 1100 2394; baseline 0.001 -18"><span class='ocrx_word' id='word_1_196' title='bbox 119 2317 302 2393; x_wconf 89' lang='lat' dir='ltr'><strong>praecipua,</strong></span> <span class='ocrx_word' id='word_1_197' title='bbox 325 2324 453 2394; x_wconf 88' lang='lat' dir='ltr'><strong>torques</strong></span> <span class='ocrx_word' id='word_1_198' title='bbox 474 2318 536 2380; x_wconf 90' lang='lat' dir='ltr'><strong>duo</strong></span> <span class='ocrx_word' id='word_1_199' title='bbox 555 2332 595 2377; x_wconf 88' lang='lat' dir='ltr'><strong>ex</strong></span> <span class='ocrx_word' id='word_1_200' title='bbox 615 2317 754 2393; x_wconf 89' lang='lat' dir='ltr'><strong>quinque</strong></span> <span class='ocrx_word' id='word_1_201' title='bbox 775 2315 881 2391; x_wconf 91' lang='lat' dir='ltr'><strong>pondo</strong></span> <span class='ocrx_word' id='word_1_202' title='bbox 901 2315 967 2376; x_wconf 90' lang='lat' dir='ltr'><strong>auri</strong></span> <span class='ocrx_word' id='word_1_203' title='bbox 982 2317 1054 2377; x_wconf 85' lang='lat' dir='ltr'><strong>lacti</strong></span> <span class='ocrx_word' id='word_1_204' title='bbox 1068 2324 1100 2377; x_wconf 88' lang='lat' dir='ltr'><strong>et</strong></span> 
     </span>
     <span class='ocr_line' id='line_1_26' title="bbox 118 2397 1099 2478; baseline -0.003 -17"><span class='ocrx_word' id='word_1_205' title='bbox 118 2417 195 2462; x_wconf 88' lang='lat' dir='ltr'><strong>vasa</strong></span> <span class='ocrx_word' id='word_1_206' title='bbox 209 2408 354 2475; x_wconf 75' lang='lat' dir='ltr'><strong>mgentea</strong></span> <span class='ocrx_word' id='word_1_207' title='bbox 369 2401 506 2478; x_wconf 84' lang='lat' dir='ltr'><strong>quinque</strong></span> <span class='ocrx_word' id='word_1_208' title='bbox 520 2416 561 2461; x_wconf 88' lang='lat' dir='ltr'><strong>ex</strong></span> <span class='ocrx_word' id='word_1_209' title='bbox 574 2403 680 2476; x_wconf 76' lang='lat' dir='ltr'><strong>viginti</strong></span> <span class='ocrx_word' id='word_1_210' title='bbox 693 2402 800 2478; x_wconf 90' lang='lat' dir='ltr'><strong>pondo</strong></span> <span class='ocrx_word' id='word_1_211' title='bbox 816 2406 847 2460; x_wconf 90' lang='lat' dir='ltr'><strong>et</strong></span> <span class='ocrx_word' id='word_1_212' title='bbox 859 2401 922 2462; x_wconf 92' lang='lat' dir='ltr'><strong>duo</strong></span> <span class='ocrx_word' id='word_1_213' title='bbox 935 2397 1008 2475; x_wconf 91' lang='lat' dir='ltr'><strong>equi</strong></span> <span class='ocrx_word' id='word_1_214' title='bbox 1023 2399 1099 2475; x_wconf 81' lang='lat' dir='ltr'><strong>pha·</strong></span> 
     </span>
     <span class='ocr_line' id='line_1_27' title="bbox 37 2482 1099 2562; baseline 0 -17"><span class='ocrx_word' id='word_1_215' title='bbox 37 2514 40 2515; x_wconf 24' lang='grc' dir='ltr'><em>ν</em></span> <span class='ocrx_word' id='word_1_216' title='bbox 118 2485 205 2545; x_wconf 87' lang='lat' dir='ltr'><strong>lereti</strong></span> <span class='ocrx_word' id='word_1_217' title='bbox 227 2500 296 2546; x_wconf 91' lang='lat' dir='ltr'><strong>cum</strong></span> <span class='ocrx_word' id='word_1_218' title='bbox 316 2482 506 2560; x_wconf 75' lang='lat' dir='ltr'><strong>agasonibus</strong></span> <span class='ocrx_word' id='word_1_219' title='bbox 527 2491 558 2546; x_wconf 89' lang='lat' dir='ltr'><strong>et</strong></span> <span class='ocrx_word' id='word_1_220' title='bbox 576 2486 732 2562; x_wconf 86' lang='lat' dir='ltr'><strong>equestria</strong></span> <span class='ocrx_word' id='word_1_221' title='bbox 753 2500 839 2545; x_wconf 90' lang='lat' dir='ltr'><strong>arma</strong></span> <span class='ocrx_word' id='word_1_222' title='bbox 860 2498 897 2546; x_wconf 91' lang='lat' dir='ltr'><strong>ac</strong></span> <span class='ocrx_word' id='word_1_223' title='bbox 919 2484 1042 2558; x_wconf 75' lang='lat' dir='ltr'><strong>capula,</strong></span> <span class='ocrx_word' id='word_1_224' title='bbox 1069 2490 1099 2545; x_wconf 92' lang='lat' dir='ltr'><strong>et</strong></span> 
     </span>
     <span class='ocr_line' id='line_1_28' title="bbox 118 2566 1093 2644; baseline -0.002 -14"><span class='ocrx_word' id='word_1_225' title='bbox 118 2568 281 2630; x_wconf 83' lang='lat' dir='ltr'><strong>comitibus</strong></span> <span class='ocrx_word' id='word_1_226' title='bbox 302 2584 409 2629; x_wconf 89' lang='lat' dir='ltr'><strong>eorum</strong></span> <span class='ocrx_word' id='word_1_227' title='bbox 423 2568 605 2630; x_wconf 86' lang='lat' dir='ltr'><strong>vestimenta</strong></span> <span class='ocrx_word' id='word_1_228' title='bbox 617 2571 722 2631; x_wconf 88' lang='lat' dir='ltr'><strong>liberis</strong></span> <span class='ocrx_word' id='word_1_229' title='bbox 737 2569 910 2644; x_wconf 89' lang='lat' dir='ltr'><strong>servisque.</strong></span> <span class='ocrx_word' id='word_1_230' title='bbox 933 2567 1011 2628; x_wconf 88' lang='lat' dir='ltr'><strong>haee</strong></span> <span class='ocrx_word' id='word_1_231' title='bbox 1025 2566 1093 2628; x_wconf 88' lang='lat' dir='ltr'><strong>mis·</strong></span> 
     </span>
     <span class='ocr_line' id='line_1_29' title="bbox 118 2651 1098 2728; baseline 0 -15"><span class='ocrx_word' id='word_1_232' title='bbox 118 2669 171 2713; x_wconf 83' lang='lat' dir='ltr'><strong>sa=</strong></span> <span class='ocrx_word' id='word_1_233' title='bbox 198 2651 250 2710; x_wconf 93' lang='lat' dir='ltr'><strong>illa</strong></span> <span class='ocrx_word' id='word_1_234' title='bbox 270 2651 443 2725; x_wconf 88' lang='lat' dir='ltr'><strong>petentibus</strong></span> <span class='ocrx_word' id='word_1_235' title='bbox 464 2651 549 2723; x_wconf 88' lang='lat' dir='ltr'><strong>data,</strong></span> <span class='ocrx_word' id='word_1_236' title='bbox 569 2660 603 2714; x_wconf 91' lang='lat' dir='ltr'><strong>ut</strong></span> <span class='ocrx_word' id='word_1_237' title='bbox 625 2655 773 2716; x_wconf 90' lang='lat' dir='ltr'><strong>denorum</strong></span> <span class='ocrx_word' id='word_1_238' title='bbox 793 2668 942 2728; x_wconf 89' lang='lat' dir='ltr'><strong>equorum</strong></span> <span class='ocrx_word' id='word_1_239' title='bbox 963 2651 1001 2713; x_wconf 88' lang='lat' dir='ltr'><strong>iis</strong></span> <span class='ocrx_word' id='word_1_240' title='bbox 1016 2666 1098 2713; x_wconf 91' lang='lat' dir='ltr'><strong>eom·</strong></span> 
     </span>
     <span class='ocr_line' id='line_1_30' title="bbox 118 2733 1096 2810; baseline 0.001 -17"><span class='ocrx_word' id='word_1_241' title='bbox 118 2733 267 2793; x_wconf 90' lang='lat' dir='ltr'><strong>mercium</strong></span> <span class='ocrx_word' id='word_1_242' title='bbox 289 2742 374 2793; x_wconf 88' lang='lat' dir='ltr'><strong>esset</strong></span> <span class='ocrx_word' id='word_1_243' title='bbox 394 2733 607 2807; x_wconf 85' lang='lat' dir='ltr'><strong>educendique</strong></span> <span class='ocrx_word' id='word_1_244' title='bbox 630 2751 670 2795; x_wconf 87' lang='lat' dir='ltr'><strong>ex</strong></span> <span class='ocrx_word' id='word_1_245' title='bbox 684 2737 770 2796; x_wconf 89' lang='lat' dir='ltr'><strong>Italia</strong></span> <span class='ocrx_word' id='word_1_246' title='bbox 784 2741 922 2810; x_wconf 87' lang='lat' dir='ltr'><strong>potestas</strong></span> <span class='ocrx_word' id='word_1_247' title='bbox 937 2735 1031 2796; x_wconf 85' lang='lat' dir='ltr'><strong>fleret.</strong></span> <span class='ocrx_word' id='word_1_248' title='bbox 1053 2737 1096 2794; x_wconf 92' lang='lat' dir='ltr'><strong>le·</strong></span> 
     </span>
     <span class='ocr_line' id='line_1_31' title="bbox 120 2812 1097 2891; baseline 0.006 -18"><span class='ocrx_word' id='word_1_249' title='bbox 120 2813 184 2888; x_wconf 81' lang='lat' dir='ltr'><strong>gali</strong></span> <span class='ocrx_word' id='word_1_250' title='bbox 199 2827 266 2872; x_wconf 90' lang='lat' dir='ltr'><strong>cum</strong></span> <span class='ocrx_word' id='word_1_251' title='bbox 282 2813 377 2874; x_wconf 88' lang='lat' dir='ltr'><strong>Gallis</strong></span> <span class='ocrx_word' id='word_1_252' title='bbox 391 2812 479 2873; x_wconf 79' lang='lat' dir='ltr'><strong>crissi</strong></span> <span class='ocrx_word' id='word_1_253' title='bbox 492 2822 578 2875; x_wconf 74' lang='lat' dir='ltr'><strong>hans</strong></span> <span class='ocrx_word' id='word_1_254' title='bbox 592 2817 690 2891; x_wconf 80' lang='lat' dir='ltr'><strong>Alpes</strong></span> <span class='ocrx_word' id='word_1_255' title='bbox 711 2818 742 2877; x_wconf 84' lang='lat' dir='ltr'><strong>c.</strong></span> <span class='ocrx_word' id='word_1_256' title='bbox 758 2818 878 2877; x_wconf 87' lang='lat' dir='ltr'><strong>Laelius</strong></span> <span class='ocrx_word' id='word_1_257' title='bbox 892 2817 933 2877; x_wconf 86' lang='lat' dir='ltr'><strong>M.</strong></span> <span class='ocrx_word' id='word_1_258' title='bbox 947 2817 1097 2879; x_wconf 80' lang='lat' dir='ltr'><strong>Aemilius</strong></span> 
     </span>
     <span class='ocr_line' id='line_1_32' title="bbox 120 2893 1097 2972; baseline 0.006 -14"><span class='ocrx_word' id='word_1_259' title='bbox 120 2893 272 2971; x_wconf 87' lang='lat' dir='ltr'><strong>Lepidus,</strong></span> <span class='ocrx_word' id='word_1_260' title='bbox 298 2897 337 2956; x_wconf 91' lang='lat' dir='ltr'><strong>ad</strong></span> <span class='ocrx_word' id='word_1_261' title='bbox 363 2902 483 2957; x_wconf 88' lang='lat' dir='ltr'><strong>eeteros</strong></span> <span class='ocrx_word' id='word_1_262' title='bbox 507 2900 642 2972; x_wconf 91' lang='lat' dir='ltr'><strong>populos</strong></span> <span class='ocrx_word' id='word_1_263' title='bbox 668 2900 699 2958; x_wconf 82' lang='lat'><strong>0.</strong></span> <span class='ocrx_word' id='word_1_264' title='bbox 727 2898 859 2960; x_wconf 88' lang='lat' dir='ltr'><strong>Sicinius</strong></span> <span class='ocrx_word' id='word_1_265' title='bbox 884 2900 915 2958; x_wconf 87' lang='lat' dir='ltr'><strong>P.</strong></span> <span class='ocrx_word' id='word_1_266' title='bbox 940 2900 1097 2964; x_wconf 86' lang='lat' dir='ltr'><strong>Cornelius</strong></span> 
     </span>
     <span class='ocr_line' id='line_1_33' title="bbox 121 2979 548 3043; baseline 0.002 -1"><span class='ocrx_word' id='word_1_267' title='bbox 121 2980 225 3042; x_wconf 86' lang='lat' dir='ltr'><strong>Blasio</strong></span> <span class='ocrx_word' id='word_1_268' title='bbox 240 2981 271 3043; x_wconf 89' lang='lat' dir='ltr'><strong>T.</strong></span> <span class='ocrx_word' id='word_1_269' title='bbox 287 2979 458 3040; x_wconf 84' lang='lat' dir='ltr'><strong>Memmius.</strong></span> <span class='ocrx_word' id='word_1_270' title='bbox 546 3040 548 3043; x_wconf 84' lang='lat'>.</span> 
     </span>
    </p>

    <p class='ocr_par' dir='ltr' id='par_1_3' title="bbox 119 3063 1098 3564">
     <span class='ocr_line' id='line_1_34' title="bbox 204 3063 1098 3140; baseline 0.004 -16"><span class='ocrx_word' id='word_1_271' title='bbox 204 3065 257 3124; x_wconf 89' lang='lat' dir='ltr'><strong>Vl.</strong></span> <span class='ocrx_word' id='word_1_272' title='bbox 283 3064 445 3126; x_wconf 89' lang='lat' dir='ltr'><strong>Multarum</strong></span> <span class='ocrx_word' id='word_1_273' title='bbox 473 3064 563 3125; x_wconf 89' lang='lat' dir='ltr'><strong>simul</strong></span> <span class='ocrx_word' id='word_1_274' title='bbox 585 3065 732 3125; x_wconf 85' lang='lat' dir='ltr'><strong>Graeciae</strong></span> <span class='ocrx_word' id='word_1_275' title='bbox 756 3063 914 3140; x_wconf 88' lang='lat' dir='ltr'><strong>Asiaeque</strong></span> <span class='ocrx_word' id='word_1_276' title='bbox 936 3067 1098 3130; x_wconf 89' lang='lat' dir='ltr'><strong>civitatium</strong></span> 
     </span>
     <span class='ocr_line' id='line_1_35' title="bbox 119 3147 1095 3231; baseline -0.002 -21"><span class='ocrx_word' id='word_1_277' title='bbox 119 3147 211 3225; x_wconf 81' lang='lat' dir='ltr'><strong>legati</strong></span> <span class='ocrx_word' id='word_1_278' title='bbox 224 3150 355 3231; x_wconf 78' lang='lat' dir='ltr'><strong>Romam</strong></span> <span class='ocrx_word' id='word_1_279' title='bbox 371 3156 588 3211; x_wconf 87' lang='lat' dir='ltr'><strong>convenerunt.</strong></span> <span class='ocrx_word' id='word_1_280' title='bbox 604 3147 693 3224; x_wconf 88' lang='lat' dir='ltr'><strong>primi</strong></span> <span class='ocrx_word' id='word_1_281' title='bbox 704 3147 909 3227; x_wconf 82' lang='lat' dir='ltr'><strong>Athenienses</strong></span> <span class='ocrx_word' id='word_1_282' title='bbox 920 3151 1095 3214; x_wconf 65' lang='lat' dir='ltr'><strong>introductis</strong></span> 
     </span>
     <span class='ocr_line' id='line_1_36' title="bbox 119 3233 1096 3309; baseline 0 -15"><span class='ocrx_word' id='word_1_283' title='bbox 119 3234 140 3294; x_wconf 90' lang='lat' dir='ltr'><strong>ii</strong></span> <span class='ocrx_word' id='word_1_284' title='bbox 161 3249 196 3294; x_wconf 90' lang='lat' dir='ltr'><strong>se</strong></span> <span class='ocrx_word' id='word_1_285' title='bbox 218 3236 302 3309; x_wconf 92' lang='lat' dir='ltr'><strong>quod</strong></span> <span class='ocrx_word' id='word_1_286' title='bbox 317 3233 448 3295; x_wconf 89' lang='lat' dir='ltr'><strong>navium</strong></span> <span class='ocrx_word' id='word_1_287' title='bbox 468 3233 629 3297; x_wconf 88' lang='lat' dir='ltr'><strong>habuerint</strong></span> <span class='ocrx_word' id='word_1_288' title='bbox 642 3233 829 3309; x_wconf 88' lang='lat' dir='ltr'><strong>militumque</strong></span> <span class='ocrx_word' id='word_1_289' title='bbox 843 3233 875 3295; x_wconf 90' lang='grc' dir='ltr'><strong>Ρ.</strong></span> <span class='ocrx_word' id='word_1_290' title='bbox 891 3234 1007 3297; x_wconf 91' lang='lat' dir='ltr'><strong>Licinio</strong></span> <span class='ocrx_word' id='word_1_291' title='bbox 1023 3252 1096 3295; x_wconf 90' lang='lat' dir='ltr'><strong>con·</strong></span> 
     </span>
     <span class='ocr_line' id='line_1_37' title="bbox 121 3317 1097 3396; baseline 0 -18"><span class='ocrx_word' id='word_1_292' title='bbox 121 3318 180 3378; x_wconf 88' lang='lat' dir='ltr'><strong>suli</strong></span> <span class='ocrx_word' id='word_1_293' title='bbox 199 3326 231 3379; x_wconf 89' lang='lat' dir='ltr'><strong>et</strong></span> <span class='ocrx_word' id='word_1_294' title='bbox 251 3318 282 3379; x_wconf 83' lang='lat' dir='ltr'><strong>G.</strong></span> <span class='ocrx_word' id='word_1_295' title='bbox 292 3317 437 3381; x_wconf 72' lang='lat' dir='ltr'><strong>,Lucretio</strong></span> <span class='ocrx_word' id='word_1_296' title='bbox 451 3318 586 3393; x_wconf 88' lang='lat' dir='ltr'><strong>praetori</strong></span> <span class='ocrx_word' id='word_1_297' title='bbox 600 3317 724 3380; x_wconf 91' lang='lat' dir='ltr'><strong>misisse</strong></span> <span class='ocrx_word' id='word_1_298' title='bbox 738 3326 963 3396; x_wconf 85' lang='lat' dir='ltr'><strong>exposuerunt,</strong></span> <span class='ocrx_word' id='word_1_299' title='bbox 987 3318 1097 3393; x_wconf 89' lang='lat' dir='ltr'><strong>quibus</strong></span> 
     </span>
     <span class='ocr_line' id='line_1_38' title="bbox 120 3400 1097 3479; baseline -0.004 -18"><span class='ocrx_word' id='word_1_300' title='bbox 120 3415 175 3462; x_wconf 90' lang='lat' dir='ltr'><strong>eos</strong></span> <span class='ocrx_word' id='word_1_301' title='bbox 190 3418 251 3461; x_wconf 89' lang='lat' dir='ltr'><strong>non</strong></span> <span class='ocrx_word' id='word_1_302' title='bbox 266 3419 342 3464; x_wconf 91' lang='lat' dir='ltr'><strong>usos</strong></span> <span class='ocrx_word' id='word_1_303' title='bbox 358 3403 498 3463; x_wconf 80' lang='lat' dir='ltr'><strong>frumenti</strong></span> <span class='ocrx_word' id='word_1_304' title='bbox 513 3401 571 3464; x_wconf 93' lang='lat' dir='ltr'><strong>sibi</strong></span> <span class='ocrx_word' id='word_1_305' title='bbox 582 3410 704 3464; x_wconf 88' lang='lat' dir='ltr'><strong>centum</strong></span> <span class='ocrx_word' id='word_1_306' title='bbox 714 3401 796 3465; x_wconf 91' lang='lat' dir='ltr'><strong>milia</strong></span> <span class='ocrx_word' id='word_1_307' title='bbox 807 3403 987 3479; x_wconf 86' lang='lat' dir='ltr'><strong>imperasse,</strong></span> <span class='ocrx_word' id='word_1_308' title='bbox 1004 3400 1097 3473; x_wconf 84' lang='lat' dir='ltr'><strong>quod,</strong></span> 
     </span>
     <span class='ocr_line' id='line_1_39' title="bbox 121 3486 1097 3564; baseline -0.003 -19"><span class='ocrx_word' id='word_1_309' title='bbox 121 3501 304 3561; x_wconf 90' lang='lat' dir='ltr'><strong>quamquam</strong></span> <span class='ocrx_word' id='word_1_310' title='bbox 316 3486 448 3548; x_wconf 88' lang='lat' dir='ltr'><strong>sterilem</strong></span> <span class='ocrx_word' id='word_1_311' title='bbox 462 3494 573 3548; x_wconf 86' lang='lat' dir='ltr'><strong>terram</strong></span> <span class='ocrx_word' id='word_1_312' title='bbox 584 3495 679 3561; x_wconf 77' lang='lat' dir='ltr'><strong>ment,</strong></span> <span class='ocrx_word' id='word_1_313' title='bbox 695 3487 846 3564; x_wconf 89' lang='lat' dir='ltr'><strong>ipsosque</strong></span> <span class='ocrx_word' id='word_1_314' title='bbox 857 3486 947 3546; x_wconf 90' lang='lat' dir='ltr'><strong>etiam</strong></span> <span class='ocrx_word' id='word_1_315' title='bbox 958 3488 1097 3555; x_wconf 78' lang='lat' dir='ltr'><strong>agrestes</strong></span> 
     </span>
    </p>

    <p class='ocr_par' dir='ltr' id='par_1_4' title="bbox 164 3570 896 3629">
     <span class='ocr_line' id='line_1_40' title="bbox 164 3570 896 3629; baseline 0 -3"><span class='ocrx_word' id='word_1_316' title='bbox 164 3585 190 3626; x_wconf 85' lang='lat' dir='ltr'><strong>r.</strong></span> <span class='ocrx_word' id='word_1_317' title='bbox 205 3584 267 3628; x_wconf 83' lang='lat' dir='ltr'><strong>mvr</strong></span> <span class='ocrx_word' id='word_1_318' title='bbox 281 3586 358 3629; x_wconf 79' lang='lat' dir='ltr'><strong>anas</strong></span> <span class='ocrx_word' id='word_1_319' title='bbox 372 3570 412 3628; x_wconf 84' lang='lat' dir='ltr'><strong>V.</strong></span> <span class='ocrx_word' id='word_1_320' title='bbox 864 3575 896 3627; x_wconf 82' lang='lat'><strong>13</strong></span> 
     </span>
    </p>
   </div>
   <div class='ocr_carea' id='block_1_3' title="bbox 0 0 1326 4017">
    <p class='ocr_par' dir='ltr' id='par_1_5' title="bbox 0 0 1326 4017">
     <span class='ocr_line' id='line_1_41' title="bbox 0 0 1326 4017; baseline 0 0"><span class='ocrx_word' id='word_1_321' title='bbox 0 0 1326 4017; x_wconf 95' lang='lat' dir='ltr'><strong> </strong></span> 
     </span>
    </p>
   </div>
  </div>
 </body>
</html>
