2642 4017
287 271 514 335 LlBliilXLlll.
538 274 620 337 CAP.
634 284 677 337 ll.
690 285 732 338 15.
755 276 902 359 [scaea]
1021 279 1083 345 201

98 428 169 486 tum
184 430 241 483 cst
265 438 413 484 censores
426 432 460 484 ut
475 439 544 484 earn
557 440 622 484 rem
636 426 824 501 adiuvarent,
841 426 883 488 ita
896 427 927 488 in
943 431 1084 493 contione

99 507 277 578 edixerunt,
292 507 391 582 legem
408 508 514 567 censui
529 509 685 571 censendo
700 509 837 572 dieturos
852 525 933 586 esse,
948 520 983 573 ut
995 530 1083 589 prae-

99 600 149 651 ter
169 605 331 651 commune
350 590 483 651 omnium
504 591 615 652 civium
634 588 845 654 iusiurandum
865 594 943 656 haec
964 598 1083 659 adiura-

23 686 26 690 “
98 681 172 734 rent
195 681 248 748 „tu
269 674 369 736 minor
388 675 477 735 sanis
497 690 555 736 sex
575 682 606 735 et
631 675 834 752 quadraginta
854 694 904 753 es,
929 686 1025 757 tuque
1044 688 1095 742 ex'
1116 690 1120 696 ·

101 756 207 818 edicto
230 757 262 817 0.
284 757 401 818 claudii
420 758 463 817 Ti.
486 757 658 834 Sempronii
684 775 849 821 censorum
874 763 914 822 ad
940 763 1081 826 dbeetun·

99 841 262 918 prodibis;
277 849 308 902 et
322 842 577 917 quotiescumque
592 843 720 905 dilectus
731 844 797 919 erit,
813 846 1000 920 quemdiunl
1012 863 1082 909 een-
1145 862 1148 867 ⁴

101 940 194 986 sores
209 925 418 1001 magistratum
432 925 597 1001 habebunt,
610 928 643 987 si
658 927 747 988 miles
761 929 860 992 lactus
876 945 937 990 non
953 931 1030 1008 eris,
1051 932 1082 992 in

98 1010 215 1089 dilectu
234 1007 421 1084 p1·odibisi“
449 1009 520 1069 item
535 1008 608 1085 quia
626 1012 708 1071 lama
721 1017 787 1071 erat
800 1012 912 1074 multos
927 1029 968 1074 ex
980 1015 1082 1076 Mace·
1137 1027 1141 1031 ’

100 1092 223 1153 doricis
243 1091 415 1168 legionibus
435 1092 559 1154 incertis
581 1094 800 1158 commeatibus
819 1111 876 1172 par
889 1098 1083 1160 ambitionem

100 1177 321 1252 imperatorum
341 1175 379 1235 ab
400 1176 537 1238 exercitu
551 1178 678 1253 abesse,
698 1178 859 1241 edixerunt
878 1180 919 1241 de
936 1180 1081 1244 militibus

100 1260 135 1320 P.
156 1261 245 1337 Aelio
268 1259 299 1318 c.
320 1258 448 1334 Popillio
475 1261 654 1322 consulibus
677 1269 788 1338 postve
808 1279 864 1324 eos
885 1267 1030 1327 consules
1051 1267 1080 1325 in

100 1343 314 1405 Macedoniam
328 1343 467 1418 scriptis,
488 1350 522 1404 ut
536 1344 588 1420 qui
603 1360 710 1406 eorum
722 1346 755 1406 in
768 1347 854 1407 ltalia
868 1354 982 1421 esseut,
1003 1348 1081 1411 intra

90 1428 171 1488 'dies
187 1426 326 1502 triginta,
348 1427 434 1487 censi
448 1428 534 1502 prius
549 1430 634 1504 apud
647 1444 731 1502 sese,
751 1429 782 1489 in
797 1430 988 1506 provinciam
1001 1431 1078 1491 redi·

100 1519 186 1581 rent;
201 1511 297 1587 quiin
314 1510 409 1585 patris
425 1519 477 1572 aut
486 1512 536 1571 avi
548 1518 699 1587 potestate
710 1520 825 1586 assant,
841 1527 948 1574 eorum
958 1515 1082 1575 nomina

100 1594 141 1655 ad
156 1610 191 1656 se
205 1596 379 1665 ederentur.
401 1594 567 1656 missorum
589 1611 715 1670 quaqua
729 1610 842 1656 causam
857 1611 930 1658 sesa
944 1597 1077 1672 cognitu·

100 1694 156 1741 ros
170 1694 256 1749 essm
279 1685 310 1738 at
324 1693 456 1754 quorum
471 1684 542 1739 ante
554 1679 680 1739 emerita
693 1678 848 1757 stipendia
860 1679 997 1756 gratiosa
1010 1682 1082 1742 mis·

102 1762 151 1824 sio
166 1760 224 1823 sibi
237 1762 306 1822 visa
321 1769 419 1837 essct,
441 1777 498 1823 eos
517 1762 628 1823 milites
646 1761 714 1823 fieri
727 1763 879 1826 iussuros.
907 1764 967 1826 hec
981 1765 1081 1826 edicto

99 1846 269 1920 litterisque
281 1861 445 1907 censorum
455 1861 513 1920 per
523 1847 590 1907 lora
601 1853 632 1907 et
642 1845 845 1907 conciliabula
856 1847 1082 1917 dimissistanta

100 1929 260 1992 multitudo
275 1928 428 1991 iuniorum
440 1930 569 1992 Romam
583 1929 736 2003 convenit
751 1937 784 1991 ut
796 1931 899 2005 gravis
911 1931 979 1991 urbi
992 1932 1082 1993 turba

100 2014 223 2075 insolita
237 2020 330 2074 esset.
352 2014 419 2074 XV.
440 2020 564 2090 praeter
577 2013 721 2075 dilectum
737 2022 854 2099 eorum,
870 2031 951 2089 quos
964 2014 996 2072 in
1007 2031 1076 2089 sup-

100 2099 287 2174 plementum
304 2097 380 2159 mitti
395 2097 571 2174 oportebat,
598 2103 775 2173 quattuara
794 2098 825 2159 c.
841 2097 978 2172 Sulpicio
993 2113 1079 2172 prae·

101 2189 169 2243 tore
179 2181 313 2258 scriptae
323 2181 463 2257 legiones
475 2189 555 2257 sunt,
567 2181 708 2257 intraque
718 2179 862 2242 undecim
872 2180 939 2241 dies
951 2179 1081 2242 ducetur
1139 2177 1144 2184 ’
1183 2250 1187 2255 ,

101 2273 148 2327 est
159 2265 324 2341 perlectus.
339 2266 484 2328 eonsules
496 2264 609 2327 deinde
621 2265 719 2327 sortiti
731 2264 908 2341 provincias
919 2269 999 2325 sunt
1011 2280 1081 2325 nam

101 2355 261 2425 praetores
282 2357 409 2425 propter
427 2349 667 2411 iurisdictionem
693 2347 841 2411 melenus.
864 2347 962 2410 sortiti
986 2356 1082 2409 arant

101 2434 216 2494 urbana
238 2432 270 2492 C.
292 2432 445 2509 Sulpicio,
467 2432 630 2510 peregrina
643 2432 676 2493 c·
690 2431 827 2513 Decimlp
843 2432 1008 2508 obtigeratr
1029 2431 1081 2491 Hi·

25 2587 27 2590 ,
103 2516 243 2592 spaniam
261 2516 302 2576 M.
325 2516 469 2579 Claudius
487 2518 668 2593 Marcellus,
690 2515 824 2580 Siciliam
839 2515 906 2578 Ser.
923 2515 1081 2577 cornelius

92 2601 258 2674 ¹Lentulus,
274 2600 446 2661 Sardiniam
460 2602 493 2660 P.
508 2602 653 2663 Fonteius
669 2600 786 2678 capito,
803 2596 939 2662 'classem
954 2599 987 2660 C.
1001 2599 1081 2659 Mar·

102 2685 167 2743 cius
179 2683 320 2754 Figulus·
334 2690 399 2745 erm
419 2685 552 2745 sortitus.
577 2686 738 2746 consulum
759 2686 812 2745 (in.
833 2683 964 2746 Servilio
985 2684 1079 2758 ltalia,

103 2765 138 2837 Q.
158 2763 273 2822 Marcio
294 2765 477 2824 Macedonia
497 2768 630 2827 obvenit.
655 2768 835 2842 Latinisque
851 2768 928 2830 actis
947 2767 1082 2829 Marcius

105 2846 258 2918 extemplo
286 2853 335 2907 ast
358 2848 526 2920 proleetus.
555 2848 709 2922 Caepione
733 2850 845 2910 deinde
864 2853 1016 2911 referente
1042 2850 1080 2911 ed

105 2935 259 3010 senatum,
281 2945 358 3005 quas
380 2943 419 2989 ex
434 2929 523 2998 novis
542 2931 809 3005 legionibusduas
824 2933 962 3008 legiones
977 2948 1081 2996 secum

104 3013 135 3075 in
151 3013 279 3073 Galliam
294 3015 434 3088 duceret,
456 3015 623 3075 decrevere
637 3022 761 3089 patres·
778 3022 811 3076 ut
826 3015 857 3074 0.
873 3015 1026 3092 Sulpicius
1040 3017 1081 3079 M.

105 3097 428 3174 claudius'prectores
449 3114 489 3159 ex
509 3097 562 3160 his
579 3113 658 3173 quas
680 3096 880 3174 scripsissent
899 3100 1081 3177 legionibus,

105 3199 182 3258 quas
195 3182 359 3258 videretur,
375 3183 623 3257 consuliderent
638 3179 764 3258 indigne
775 3184 894 3259 patiens
906 3192 1082 3260 praetorum

105 3266 225 3328 arbitrio
247 3267 405 3331 eonsulem
425 3265 611 3341 subiectum,
634 3266 761 3332 dimisso
776 3274 884 3329 senatu
898 3270 938 3330 ad
952 3269 1082 3332 uibunel

105 3358 276 3426 praetorum
290 3360 377 3413 stans
391 3352 576 3428 postulavit,
593 3367 632 3412 ex
648 3358 773 3414 senatus
791 3356 931 3414 consulto
948 3351 1082 3413 destina·

0 3501 1 3508 χ
37 3474 53 3509 ·.
105 3441 170 3494 rent
190 3435 248 3496 sibi
270 3438 347 3499 duas
369 3436 517 3511 legiones.
547 3442 706 3513 praetores
729 3438 866 3499 consulis
886 3437 918 3494 in
939 3431 1081 3507 eligendo

1 3560 4 3573 .
106 3514 257 3578 arbitrium
271 3521 416 3581 lecerunt.
986 3519 989 3524 ·
