2642 4017
297 266 357 331 176
420 244 424 248 ’
455 264 669 324 urrunnun.
692 263 886 326 cursam.
908 265 1103 343 [ausser]

295 434 366 479 nam
387 425 489 478 castra
509 412 618 488 movit,
644 414 716 475 inde
736 421 862 490 postero
878 414 928 474 die
943 415 1111 492 Gyrtonem
1126 408 1259 487 pervenit

297 519 360 579 quo
380 516 450 561 cum
468 501 502 561 T.
522 497 689 559 Minucium
708 498 820 558 Rufum
846 505 877 558 et
894 495 1037 571 Hippiam
1056 495 1259 558 Thessalorum

296 591 469 664 praetorem
485 598 553 643 curn
568 579 723 657 praesidio
738 581 870 642 intrasse
880 580 1064 656 accepisset,
1080 595 1121 639 ne
1131 582 1260 653 temptata

297 669 423 746 quidem
437 665 668 743 oppugnatione
680 671 939 738 praetergressus,
950 664 1082 725 Elatiam
1094 669 1126 723 el
1135 662 1261 723 Gonnum

296 751 448 828 perculsis
469 749 626 823 inopinato
648 746 783 808 adventu
808 746 973 823 oppidanis
992 746 1121 823 recepit.
1147 752 1261 819 utraque

296 835 415 912 oppida
433 834 464 892 in
484 831 624 891 saucibus
644 837 716 890 sunt
729 846 791 905 qua
803 831 917 904 Tempe
930 830 1057 902 adeunt,
1080 829 1179 904 magis
1192 827 1261 888 Gon·

296 936 366 981 nus.
384 919 488 992 itaque
508 922 540 975 et
559 913 693 974 firmiore
707 913 739 972 id
754 913 909 988 praesidio
923 920 1019 975 tutum
1034 914 1173 989 equitum
1188 909 1260 986 pedi·

297 1010 437 1076 tamque,
461 997 503 1057 ad
521 997 582 1057 hoc
603 998 691 1058 iossa
710 994 821 1072 triplici
835 1012 872 1056 ac
887 998 967 1058 vallo
982 998 1132 1059 munitum
1146 992 1259 1068 reliquit

296 1084 367 1159 ipse
380 1083 421 1142 ad
436 1080 599 1158 Sycurium
613 1095 801 1156 progressus
816 1078 952 1154 opperiri
962 1080 1004 1141 ibi
1014 1080 1151 1141 hostium
1161 1078 1260 1137 adven·

297 1173 360 1226 tum
381 1165 500 1232 statuits
522 1164 613 1224 simul
633 1172 665 1225 et
683 1165 858 1225 frumentari
879 1164 996 1239 passim
1009 1162 1180 1225 exercitum
1192 1158 1261 1219 iubet

297 1251 327 1309 in
344 1247 483 1311 subiecto
497 1246 630 1308 hostium
651 1263 736 1322 agro.
759 1262 892 1322 namque
906 1245 1070 1325 Sycurium
1091 1253 1141 1308 est
1155 1244 1210 1306 sub
1222 1255 1260 1301 ra·

297 1333 418 1394 dicibus
439 1330 538 1395 Ossae
557 1331 681 1391 montis.
699 1330 804 1407 quain
819 1328 976 1391 meridiem
990 1332 1098 1405 vergit,
1119 1327 1260 1390 subiectos

297 1417 389 1479 habet
411 1414 590 1481 Thessaliae
614 1430 757 1490 campos,
782 1415 822 1474 ab
842 1420 928 1489 tergo
949 1414 1164 1475 Macedoniam
1183 1416 1261 1483 atquc

296 1500 495 1575 Magnesiam.
518 1498 559 1559 ad
578 1498 635 1559 has
657 1497 900 1574 opportunitates
920 1498 1039 1558 aceedit
1058 1512 1181 1560 summa
1193 1490 1260 1554 salu·

297 1584 392 1645 britas
407 1590 437 1644 et
451 1582 551 1658 copia,
565 1581 705 1659 pluribus
716 1581 917 1642 circumiectis
930 1581 1074 1654 lontibus,
1097 1576 1259 1656 perennium

189 1726 190 1733 ,
296 1682 455 1742 aquarum.

381 1750 445 1813 LV.
470 1747 585 1813 Consul
605 1750 761 1809 Romanus
781 1764 837 1822 per
857 1748 984 1809 eosdem
1006 1748 1072 1808 dies
1087 1741 1261 1810 Thessaliam

296 1848 368 1895 cum
389 1831 525 1895 exercitu
551 1839 660 1907 petens
681 1831 738 1895 iter
756 1832 934 1907 expeditum
956 1830 1053 1905 primo
1075 1848 1133 1907 per
1151 1824 1261 1902 Epirum

295 1915 417 1985 habuits
440 1913 553 1979 deinde
566 1915 771 1992 postquamin
782 1915 1052 1977 Amammiamest
1063 1917 1262 2000 transgressui

297 1999 401 2076 asperi
422 2015 459 2063 ac
474 1999 747 2075 mammotrecti,
764 2015 833 2059 cum
853 1999 966 2075 ingenti
980 1998 1159 2061 difficultate
1171 2002 1262 2071 parvis

301 2083 457 2147 itineribus
476 2099 570 2159 aegre
590 2082 749 2158 Gomphos
771 2085 925 2157 pervenite
960 2084 1010 2145 cui
1030 2084 1057 2144 si
1079 2079 1197 2143 vexatis
1217 2075 1263 2134 h0·

299 2169 430 2233 minibus
442 2167 594 2244 equisque
604 2166 734 2228 uronem
745 2167 912 2228 exercitum
922 2166 1045 2228 ducenti
1056 2161 1263 2227 acieinstruett

295 2259 329 2313 et
342 2253 412 2314 loco
428 2269 486 2314 suo
501 2260 532 2313 et
545 2260 684 2328 tempore
698 2249 868 2313 obstitisset
880 2266 945 2325 rex,
960 2266 999 2310 ne
1014 2250 1144 2311 Romani
1154 2241 1265 2323 quidem

297 2337 436 2401 abnuunt
455 2351 565 2409 magna
586 2352 643 2397 sua
662 2351 733 2403 cum
748 2333 835 2399 clade
855 2333 953 2396 luisse
968 2342 1170 2410 pugnaturos.
1190 2326 1264 2403 post·

299 2436 391 2495 quam
405 2417 563 2495 Gomphos
578 2419 646 2478 sine
659 2419 824 2481 cartamine
838 2426 961 2480 ventum
977 2425 1038 2492 est,
1067 2423 1190 2493 praeter
1200 2422 1265 2485 gau·

297 2503 382 2563 dium
403 2500 570 2575 periculosi
591 2501 689 2563 saltus
708 2503 847 2575 superati
868 2507 1061 2576 contemptus
1081 2511 1206 2577 quoque
1218 2491 1265 2550 h0·

300 2584 393 2645 stium
425 2583 504 2645 adeo
535 2582 739 2657 ignorantium
763 2587 1009 2659 opportunitates
1035 2600 1109 2646 suas
1136 2572 1265 2644 accessit

299 2664 454 2731 sacrificio
473 2665 531 2727 rite
552 2665 687 2739 perlecto
709 2668 817 2731 consul
838 2677 869 2729 et
880 2670 1032 2731 frumento
1047 2668 1118 2731 dato
1134 2659 1266 2728 militibus

300 2762 419 2824 paucos
443 2749 483 2808 ad
507 2749 645 2824 requiem
669 2750 870 2811 iumentorum
895 2751 1115 2828 hominumque
1140 2748 1265 2810 moratus

296 2832 383 2905 dias,
404 2847 475 2899 oum
488 2832 609 2895 audiret
621 2833 728 2909 vagari
742 2832 929 2897 Macedonas
944 2836 1063 2897 effusos
1078 2851 1135 2912 per
1147 2832 1266 2916 Thessa·

299 2917 370 2977 liam
383 2919 561 2994 vastarique
575 2917 729 2981 sociorum
745 2932 854 2993 agros,
874 2920 951 2980 satis
965 2920 1026 2980 iam
1039 2921 1186 2981 reiectum
1199 2906 1266 2970 mih·

297 3006 358 3060 tem
373 3000 413 3062 ad
433 3002 570 3065 Larisam
584 3002 677 3064 ducit.
699 3002 771 3065 inde
791 3018 860 3066 cum
875 3003 932 3064 tria
947 3003 1029 3063 milia
1044 3005 1140 3063 terme
1153 2988 1267 3061 abesset

298 3083 452 3159 arripoli
472 3119 514 3139 --
535 3085 664 3153 Scaeam
685 3093 799 3149 vocant
816 3119 867 3161 -‚
889 3102 985 3160 super
1003 3086 1137 3149 Peneum
1156 3084 1266 3144 amnem

299 3168 405 3242 posuit
424 3176 535 3231 castra.
557 3185 614 3245 per
633 3170 716 3231 idem
736 3178 858 3246 tempus
873 3169 1037 3231 Eumenes
1049 3170 1089 3230 ad
1104 3160 1265 3230 chalcidem

299 3250 429 3315 navibus
456 3252 588 3315 accessit
611 3270 681 3319 cum
705 3255 808 3317 Attalo
833 3261 927 3329 atque
952 3253 1112 3316 Athenaeo
1133 3243 1265 3311 irauibtl⁸

297 3333 468 3399 Philetaero
488 3337 581 3396 irene
602 3335 708 3399 relicto
729 3336 869 3411 Pergami
890 3337 930 3397 ad
952 3338 1076 3398 tutelam
1090 3333 1183 3412 regni.
1205 3334 1266 3388 cum

296 3419 400 3483 Attalo
418 3426 447 3480 et
462 3424 606 3493 quattuor
619 3418 741 3481 milibus
757 3419 893 3493 pediturn
906 3420 988 3480 mille
1002 3421 1138 3495 equitum
1152 3417 1191 3479 ad
1201 3421 1265 3471 aon·

297 3504 397 3563 sulem
412 3501 510 3564 venit:
533 3500 678 3562 Chalcide
698 3502 804 3561 relicta
818 3502 879 3562 duo
895 3501 977 3561 milia
991 3502 1143 3577 peditum,
1164 3494 1267 3574 (turibii8
