2642 4017
234 246 298 313 aaa
381 247 498 308 amaa
507 246 609 307 xuni.
632 246 716 307 car.
731 252 832 309 aas.
854 252 889 321 [a.
905 251 938 305 u.
952 248 1066 325 aeas]-

236 402 361 476 sicrant,
377 399 499 462 obviam
512 413 641 474 egresso
652 395 838 458 Archidamo
854 397 1015 472 segniores
1030 398 1101 460 lacti
1113 399 1220 461 locum

236 488 388 548 adversas
407 482 531 544 laodoni
553 480 702 541 dederant
714 480 755 540 ad
768 479 929 556 Popillium
950 496 1019 542 cum
1033 480 1115 543 mille
1129 482 1220 558 pedi·

226 572 318 633 tibus
332 569 371 629 ah
382 566 547 628 Ambracio
556 563 788 625 arcessendum.
802 565 834 625 in
845 572 983 640 tempore
994 571 1025 625 et
1034 565 1219 641 Dinarchus,

235 655 412 731 praefectus
429 650 565 725 equitum
577 648 676 723 gentis
690 648 884 722 Aetolorum,
905 662 975 709 cum
990 648 1145 710 sexcentis
1159 665 1218 725 pe·

236 737 350 801 ditibus
374 742 407 795 et
429 731 584 810 equitibus
609 737 726 793 sentam
745 734 832 793 aaut.
861 731 937 792 satis
963 731 1126 793 constabat
1145 748 1218 793 eum

236 830 396 897 tamquam-
410 818 450 878 ad
463 816 579 892 Persea
600 815 775 877 madentem
790 813 924 876 Stratum
938 814 1078 889 vonisse,
1100 822 1217 878 mutato

236 905 348 965 deinde
367 917 436 963 cum
457 900 578 961 lortuna
599 899 700 959 animo
720 899 868 960 Romanis
889 912 940 973 se,
967 897 1118 959 adversus
1134 916 1217 974 quos

235 993 377 1060 venerat,
396 982 546 1045 iunxisse.
568 998 627 1044 nec
647 981 796 1058 Popillius
816 981 956 1044 securior
976 997 1068 1058 quam
1084 982 1218 1044 debebat
1268 1033 1273 1039 .

234 1085 306 1131 csse
319 1069 398 1130 inter
412 1076 474 1129 tam
494 1064 618 1126 mobilia
638 1066 760 1140 ingenia
774 1072 847 1127 erat
869 1066 975 1128 claves
990 1073 1148 1142 portarum
1161 1082 1216 1128 cu-

234 1153 429 1227 stodiamque
443 1165 599 1210 murorum
613 1165 690 1211 suae
704 1153 859 1225 extemplo
873 1148 1036 1226 potcstatis
1057 1150 1142 1226 lecit,
1162 1150 1216 1211 Ili-

233 1236 382 1298 narchum
395 1234 587 1317 Aetolosque
601 1249 672 1294 cum
692 1232 849 1295 iuventute
870 1232 1051 1297 Stratiorum
1064 1232 1096 1294 in
1112 1248 1216 1295 arcem

220 1338 291 1399 ·per
310 1316 613 1396 praesidii-speciem
634 1317 758 1393 amovit
778 1317 916 1380 Perseus
936 1318 975 1379 ab
989 1316 1216 1378 imminentibus

138 1432 141 1437 <
234 1404 387 1482 superiori
408 1402 486 1479 parti
506 1401 592 1463 urbis
618 1399 743 1462 tumulis
762 1401 917 1478 temptatis
938 1401 1117 1476 colloquiis,
1144 1416 1216 1462 cum

235 1490 405 1552 obstinatos
419 1496 513 1562 atque
526 1485 617 1547 etiam
631 1485 701 1546 telis
712 1486 973 1562 procularcentcs
983 1484 1110 1560 videret,
1126 1485 1215 1561 quin·

235 1590 295 1650 que
309 1571 392 1634 milia
407 1586 557 1647 passuum
570 1569 610 1630 ab
624 1569 701 1631 urbe
710 1575 796 1631 trans
806 1568 969 1632 Petitarum
980 1583 1100 1630 amnem
1110 1568 1215 1645 posuit

234 1664 344 1717 castra.
371 1656 413 1716 ibi
434 1654 563 1715 consilio
584 1653 737 1716 advocato
759 1668 829 1715 cum
848 1650 1052 1715 Archidamus
1072 1654 1213 1729 Epirota-

233 1755 363 1814 rumque
378 1740 556 1813 transfugae
569 1737 743 1811 retinerent,
758 1737 963 1800 Macedonum
978 1736 1135 1814 principes
1149 1753 1214 1798 non

213 1822 431 1899 'pugnandum
452 1819 654 1884 cuminlesto
675 1828 814 1897 tempore
835 1822 907 1882 anni
922 1828 1097 1893 censerent,
1119 1821 1214 1881 nullis

147 1940 153 1949 ·
236 1905 425 1983 praeparatis
441 1904 677 1978 commeatibus,
699 1909 768 1966 aum
781 1904 917 1981 inopiam
931 1904 1017 1981 prius
1032 1904 1213 1966 obsidentes

237 2008 326 2067 quam
341 1989 463 2051 obsessi
478 1986 601 2051 sensuri
615 1994 730 2061 essent,
744 1987 877 2049 maxime
891 1988 975 2066 quod
986 1989 1120 2049 hostium
1129 1987 1214 2049 haud

235 2075 343 2151 procul
363 2073 436 2135 inde
455 2073 584 2134 hiberna
596 2075 698 2146 erant,
718 2071 841 2134 territus
854 2072 886 2134 ln
899 2073 1097 2149 Aperantiam
1110 2079 1214 2133 castra
1229 2102 1233 2109 ·

234 2159 336 2220 movit.
363 2155 512 2234 Aperanti
532 2171 602 2217 eum
623 2161 752 2231 propter
770 2156 948 2217 Archidami
968 2171 1109 2231 magnam
1129 2155 1160 2215 in
1174 2172 1213 2216 ca

233 2250 324 2317 gente
337 2242 464 2317 gradmn
479 2239 754 2316 auctoritatemque
768 2255 925 2302 consensu
936 2241 1069 2302 omnium
1082 2254 1211 2315 accepe-

234 2332 318 2387 runt:
349 2326 376 2393 is
397 2326 466 2401 ipse
486 2340 555 2386 cum
576 2324 820 2400 octingentorum
839 2324 965 2387 militum
984 2322 1141 2400 pracsidio
1162 2323 1212 2384 his

234 2417 281 2472 est
304 2407 510 2485 praepositus.
537 2406 643 2466 XXIII.
662 2422 719 2466 rex
739 2422 808 2468 cum
827 2423 889 2469 non
909 2408 1027 2469 minore
1045 2405 1213 2469 vexatione

233 2494 437 2554 iumentorum
449 2490 678 2564 hominumque,
701 2505 793 2564 quam
806 2499 940 2566 venerat,
954 2492 985 2552 in
999 2491 1214 2570 Macedoniam

234 2576 337 2636 rediit=
366 2572 500 2648 Appium
520 2578 622 2631 tamen
643 2571 683 2631 ab
705 2572 867 2635 obsidione
887 2575 1039 2636 Phanotes
1060 2576 1141 2636 lama
1155 2576 1212 2637 du·
1257 2611 1264 2621 ·

233 2656 330 2717 centis
344 2656 384 2716 ad
400 2654 531 2717 Stratum
541 2653 646 2716 Persei
657 2657 829 2717 summovit.
846 2659 954 2721 Cleuas
969 2676 1038 2721 cum
1055 2659 1212 2735 praesidio

152 2787 154 2791 .
234 2739 430 2814 impigrorum
444 2739 588 2800 iuvenum
602 2739 761 2804 insecutus
772 2742 830 2803 sub
840 2741 996 2807 radicibus
1006 2759 1106 2820 prope
1119 2742 1213 2804 inviis

233 2823 380 2885 montium
401 2824 439 2884 ad
461 2824 542 2885 mille
561 2821 719 2885 hominnm
738 2840 778 2884 ex
793 2826 913 2900 agmine
927 2827 1075 2904 impedito
1090 2825 1212 2901 occidit,

233 2907 273 2966 ad
288 2907 437 2971 ducentos
454 2909 544 2985 oepit.
566 2908 688 2984 Appius
703 2909 856 2983 superatis
870 2911 1029 2986 angustiis,
1044 2912 1075 2971 in
1090 2925 1211 2985 campo,

234 3006 327 3065 quem
347 2991 489 3054 Meleona
508 2990 633 3067 vocant,
655 2992 765 3053 stativa
780 2991 897 3055 dicrum
912 3011 1082 3070 paucorum
1095 2993 1211 3056 hahuit

233 3074 353 3136 interim
381 3076 491 3138 Cleuas
516 3076 681 3152 adsumpto
706 3074 907 3153 Philostrato,
939 3073 1002 3155 qui‘
1016 3077 1210 3153 Epirotarum

201 3198 204 3203 «
234 3165 355 3233 gentem
377 3158 523 3234 habehat,
554 3158 585 3218 in
616 3175 724 3234 agrum
747 3160 989 3235 Antigonensem
1013 3160 1211 3222 transcendit.

233 3243 421 3304 Macedones
431 3243 471 3304 ad
483 3244 755 3318 depopulationem
764 3245 913 3320 prolecti;
926 3244 1129 3309 Philostratus
1141 3259 1212 3305 cum

235 3327 361 3389 cohorte
382 3342 439 3388 sua
459 3326 489 3385 in
504 3324 624 3385 insidiis
638 3327 708 3386 loco
723 3327 857 3388 obscuro
872 3327 1021 3390 consedit.
1043 3329 1073 3389 in
1089 3328 1213 3403 palatos

233 3410 435 3487 populatores
451 3424 519 3469 cum
533 3408 709 3483 erupissent
723 3410 762 3469 ab
773 3409 947 3486 Antigonea
959 3412 1075 3486 armati,
1091 3411 1210 3486 lugien-

233 3501 280 3555 tes
295 3498 594 3573 eos-persequentes
614 3490 743 3559 effusius
758 3491 789 3553 in
809 3491 920 3555 vallem
933 3495 1086 3556 insessam
1100 3495 1140 3553 ah
1154 3494 1211 3553 ho·
