2642 4017
224 239 267 303 82
318 239 434 300 LIBER
447 238 507 298 XL.
534 239 732 300 CAReaar.
759 244 795 311 [a.
807 243 842 295 U.
855 260 878 294 o·
889 245 952 300 571.
967 258 991 294 a.
1005 241 1037 292 C.
1051 242 1113 309 181]

225 391 319 449 multa
335 388 460 448 castella
474 385 676 464 expugnavit,
692 388 792 447 donec
806 388 939 447 maxima
953 403 1027 462 pars
1043 385 1210 449 Celtibero·

225 489 293 533 rum
312 473 343 531 in
361 472 546 533 deditionem
566 469 658 531 venit.
689 470 823 531 XXXIV.
845 471 923 532 haee
944 470 975 530 in
996 470 1137 530 citeriore
1155 469 1208 530 Hi·

227 556 337 632 spania
350 571 389 616 eo
405 570 486 615 anno
501 562 597 629 gesta.
619 555 649 613 in
665 555 810 616 ulteriore
822 553 855 614 P.
870 553 1002 614 Manlius
1020 561 1146 629 praetor
1160 569 1211 613 se-

229 641 330 701 cunda
344 639 462 713 aliquot
475 637 593 713 proelia
609 653 679 698 cum
692 637 847 699 Lusitanis
863 636 944 699 lecit.

308 722 452 798 Aquileia
472 722 594 782 colonia
607 722 714 782 Latina
732 721 843 782 eodem
863 737 943 782 anno
965 722 996 781 in
1017 735 1091 795 agro
1108 720 1211 780 Gallo-

227 824 294 868 rum
314 814 362 867 est
376 806 516 867 deducta.
544 805 601 864 tria
615 805 698 865 milia
711 806 847 879 peditum
864 804 1080 880 quinquagena
1093 805 1212 879 iugera,

227 890 422 951 centuriones
437 895 574 963 centena,
589 897 719 950 centena
732 889 931 964 quadragena
945 889 1065 964 equites
1081 901 1212 962 accepe-

226 982 306 1034 runt.
335 971 481 1032 triumviri
503 973 698 1033 deduxerunt
709 972 741 1031 Ρ.
757 971 914 1033 Cornelios
930 970 1034 1048 Scipio
1049 970 1163 1031 Nasica
1179 969 1212 1029 0.

227 1055 391 1118 Flaminius
403 1055 436 1113 L.
447 1055 578 1115 Manlius
592 1055 752 1116 Acidinus.
776 1056 870 1116 aedes
886 1056 966 1115 duae
980 1071 1017 1114 eo
1029 1070 1111 1115 anno
1125 1054 1212 1114 dedi-

229 1146 316 1200 catae
335 1144 421 1212 sunt,
443 1134 504 1199 u'na
522 1139 655 1200 Veneris
674 1138 825 1200 Erucinae
845 1139 884 1198 ad
905 1148 1026 1214 portam
1047 1138 1212 1198 collinam
1300 1198 1301 1211 χ

229 1222 382 1284 dedicavit
400 1222 433 1281 L.
453 1221 580 1282 Porcius
600 1223 634 1282 L.
651 1222 684 1283 F.
700 1222 823 1284 Licinus
844 1222 999 1297 duumvir,
1021 1224 1094 1282 vota
1113 1227 1214 1281 erata

229 1308 358 1368 consule
371 1306 404 1365 L.
419 1305 527 1366 Porcio
541 1306 700 1380 Ligustino
721 1306 813 1367 bello.
845 1307 940 1365 altera
960 1306 991 1365 in
1006 1306 1073 1366 loro
1090 1304 1213 1364 olitorio
1300 1374 1301 1377 Ἴ

228 1389 361 1453 Pietatis.
391 1405 457 1450 eam
479 1390 587 1473 aedem
601 1389 754 1450 dedicavit
767 1390 816 1449 ill.
832 1389 948 1450 Acilius
966 1389 1088 1450 Glabrio
1104 1389 1213 1449 duum-

230 1475 291 1544 vir3
315 1480 507 1549 statuamque
529 1481 682 1546 auratam,
703 1490 784 1549 quae
804 1474 903 1549 prima
924 1474 1057 1535 omnium
1078 1471 1212 1533 initalia

230 1565 329 1619 statua
343 1564 450 1618 aurata
463 1564 519 1630 est,
535 1557 630 1632 patris
643 1556 815 1618 Glabrionis
826 1557 941 1633 posuit.
962 1558 989 1617 is
1001 1563 1066 1616 erat
1078 1555 1131 1630 qui
1144 1556 1215 1631 ipse

230 1657 298 1701 eam
327 1642 435 1701 aedem
463 1646 604 1714 voverat,
634 1658 696 1716 quo
723 1641 868 1701 dierum
895 1655 969 1716 rege
994 1638 1146 1701 Antiocho
1173 1639 1215 1698 ad

230 1724 452 1801 Thermopylas
467 1723 692 1799 depugnassen
715 1724 932 1799 locaveratque
942 1725 1024 1783 idem
1035 1738 1074 1783 ex
1086 1728 1215 1782 senatus

231 1808 381 1869 consulto.

314 1889 374 1950 Per
393 1891 521 1952 eosdem
541 1891 623 1966 dies,
644 1892 757 1967 quibus
773 1891 832 1951 hae
847 1890 941 1954 aedes
957 1890 1116 1950 dedicatae
1133 1899 1215 1962 sunt,

232 1977 266 2036 L.
273 1975 421 2036 Aemilius
432 1974 546 2036 Paulus
556 1977 724 2049 proconsul
736 1990 775 2033 ex
782 1974 943 2048 Liguribus
954 1972 1098 2048 Ingaunis
1110 1973 1215 2033 tritrm·

231 2059 344 2135 phavit.
373 2057 525 2120 transtulit
546 2073 678 2119 coronas
696 2072 806 2119 aureas
822 2057 958 2133 quinque
972 2065 1003 2118 et
1014 2056 1136 2130 viginti,
1157 2056 1216 2116 nec

231 2149 392 2219 praeterea
407 2142 578 2219 quicquam
587 2142 652 2203 auri
663 2143 843 2218 argentique
853 2141 884 2200 in
896 2157 933 2202 eo
945 2139 1097 2215 triumpho
1110 2141 1215 2200 latum.

233 2226 345 2301 captivi
367 2225 453 2288 multi
467 2226 623 2302 principes
639 2226 782 2301 Ligurum
796 2232 866 2286 ante
881 2236 1003 2285 currum
1018 2224 1108 2284 ducti.
1132 2223 1216 2283 aeris

233 2316 376 2372 trecenos
397 2310 541 2371 militibus
557 2310 667 2372 divisit.
698 2314 848 2371 auxerunt
865 2308 931 2369 eius
945 2307 1089 2383 triumphi
1104 2307 1216 2366 lamam

232 2395 324 2470 legati
337 2395 482 2469 Ligurum
497 2410 605 2468 pacem
619 2401 799 2469 perpetuam
814 2401 954 2453 orantem
980 2393 1022 2452 ita
1034 2392 1065 2451 in
1082 2392 1217 2451 animum
1300 2458 1301 2471 χ

233 2475 394 2538 induxisse
407 2477 552 2551 Ligurum
573 2483 709 2550 gentem,
731 2479 814 2536 nulla
828 2491 974 2550 umquam
988 2488 1073 2535 arma
1087 2474 1145 2534 nisi
1160 2470 1230 2534 im-'
1300 2492 1301 2499 ¹

233 2567 341 2636 perata
355 2576 374 2619 a
389 2561 504 2634 populo
518 2559 657 2618 Romano
680 2572 809 2619 sumere.
837 2572 1023 2635 responsum
1037 2575 1055 2618 a
1069 2559 1104 2632 Q.
1118 2557 1216 2617 Fabio

232 2648 376 2718 praetore
395 2646 443 2700 est
456 2641 617 2716 Liguribus
638 2642 727 2704 iussu
747 2649 872 2702 senatus
888 2644 1057 2703 orationem
1072 2657 1139 2701 eam
1154 2656 1216 2700 non
1300 2670 1301 2703 ι

233 2740 346 2786 novam
356 2723 517 2800 Liguribus
529 2740 616 2785 assez
638 2740 726 2786 mens
737 2742 812 2786 vero
823 2731 857 2786 ut
867 2742 948 2786 nova
959 2732 989 2786 et
1000 2724 1131 2788 orationi
1142 2740 1215 2785 con·

234 2808 361 2869 veniens
376 2816 475 2882 esset,
490 2808 628 2885 ipsorum
641 2809 673 2869 id
688 2811 850 2886 plurimum
863 2811 988 2869 relerre.
1009 2810 1056 2886 ‘ad
1071 2809 1216 2869 consules

233 2892 326 2967 irent,
349 2898 379 2952 et
399 2908 478 2966 quae
499 2893 537 2953 ab
558 2893 596 2953 iis
616 2895 764 2969 imperata
785 2899 889 2954 essent
903 2895 1048 2954 iacerent.
1078 2892 1152 2953 nulli
1166 2891 1217 2950 alil

235 2991 327 3050 qoam
342 2976 521 3037 oonsulibus
535 2984 675 3038 senatum
690 2979 875 3039 crediturum
891 2993 962 3037 esse
977 2978 1099 3037 sincera
1109 2976 1171 3036 fide
1186 2975 1216 3033 in

234 3073 314 3134 pace
328 3058 457 3134 Ligures
472 3076 552 3120 esse.
581 3078 643 3136 pax
657 3062 688 3121 in
703 3062 865 3137 Liguribus
879 3058 944 3122 mit.
972 3061 1003 3120 in
1020 3059 1145 3122 corsica
1160 3075 1216 3132 pu·

235 3148 359 3216 gnatum
372 3157 441 3203 cum
454 3143 573 3204 Corsis:
587 3145 627 3204 od
639 3145 701 3206 duo
713 3146 796 3206 milia
807 3160 913 3205 eorum
922 3143 962 3204 Μ.
974 3143 1114 3204 Pinarius
1126 3156 1215 3217 prae·

234 3233 284 3285 tor
296 3224 327 3284 in
342 3224 409 3285 acie
431 3227 551 3287 occidit
581 3244 643 3303 qua
657 3229 744 3289 clade
759 3229 911 3303 compulsi
925 3227 1051 3289 obsides
1067 3228 1217 3287 dederunt

235 3317 266 3370 et
280 3324 370 3370 cerae
385 3316 505 3371 centum
518 3310 601 3370 milia
612 3312 727 3387 pondo.
750 3311 822 3372 inde
835 3311 866 3371 in
880 3311 1052 3372 Sardiniam
1063 3310 1216 3372 exercitus

235 3394 361 3470 ductus,
383 3401 413 3455 et
434 3410 500 3455 cum
522 3395 698 3468 iliensibus,
719 3402 809 3471 gente
828 3412 868 3456 ne
888 3412 970 3457 nunc
991 3395 1113 3472 quidem
1135 3389 1215 3454 omni¹

234 3484 323 3548 parte
343 3486 467 3555 pacata,
494 3480 631 3539 secunda
653 3480 771 3554 proelia
792 3480 880 3541 iacta.
916 3476 1213 3554 carthaginiensibus
