2642 4017
211 238 274 324 a'sa
366 257 482 319 omna
496 257 600 317 xnrv.
623 257 706 317 cnr.
721 266 823 319 erec.
844 264 880 332 [ι.
894 262 1038 331 oceo]

294 408 372 470 XXI.
399 408 522 483 Legatis
542 406 674 481 auditis,
691 411 764 467 tunc
784 406 823 467 de
842 405 924 468 belle
945 406 1061 467 reterre
1075 421 1149 470 sese
1161 408 1200 470 L.

211 492 359 555 Aemilius
374 492 459 553 dixit
494 497 620 552 senatus
636 490 782 564 decrevit,
804 490 883 552 utin
900 498 970 551 octo
985 490 1124 567 legiones
1139 508 1204 568 pa-.

211 593 277 639 rem
290 591 450 638 numerum
460 576 651 637 tribunorum
665 574 812 635 consules
832 579 864 634 et
883 576 1020 649 populus
1040 582 1196 636 crementa

212 660 311 723 creari
325 667 427 721 autem
439 658 590 720 neminem
605 673 643 719 eo
660 674 743 718 anno
764 658 887 733 placere
903 656 963 719 nisi
978 656 1032 734 qui
1045 657 1197 720 honorem

211 746 371 822 gessisset
405 750 469 805 tum
483 759 522 803 ex
537 742 681 804 omnibus
694 740 826 803 tribunis
844 740 971 802 militum
988 741 1031 802 nti
1045 741 1078 801 L.
1092 742 1197 805 Aemi-

211 830 272 890 lius
286 827 318 889 in
332 829 412 889 duas
428 824 568 901 legiones
588 826 620 886 in
638 824 867 901 Macedoniam,
886 840 965 901 quos
985 840 1093 885 eorum
1112 825 1196 900 velit,

212 913 311 987 eligat,
327 919 358 972 et
371 917 404 972 ut
416 909 557 971 sollemni
569 909 744 971 Latinarum
760 909 898 984 perlecto
912 908 946 969 L.
957 909 1107 971 Aemilius
1122 923 1196 970 con-

213 998 269 1067 sul,
285 995 338 1056 cn.
354 993 499 1055 Octavius
516 999 648 1068 praetor,
671 990 721 1053 cui
740 991 851 1053 cussis
872 992 1048 1068 obtigisset,
1070 993 1102 1053 in
1122 1008 1194 1068 pre-

211 1077 343 1138 vinciam
357 1076 602 1154 proficiscantur.
634 1076 757 1137 additus
771 1082 821 1137 est
834 1073 883 1137 his
895 1077 1003 1136 tertius
1017 1075 1051 1136 L.
1065 1076 1197 1137 Anicius

211 1167 351 1238 praetor,
376 1160 463 1221 cuius
484 1156 561 1221 inter
580 1160 762 1234 peregrinos
782 1158 1053 1222 iurisdictioerate
1079 1174 1150 1222 eum
1164 1160 1197 1220 in

212 1245 400 1322 provinciam
413 1242 569 1322 Illyricum
591 1242 674 1303 circa
693 1242 885 1320 Lychnidum
898 1245 960 1318 Ap.
975 1242 1102 1306 Claudio
1122 1259 1197 1305 suo-

213 1328 324 1390 cedere
337 1329 459 1404 placuit.
496 1326 625 1389 dilectus
642 1343 717 1388 oure
731 1327 764 1388 C.
777 1325 894 1389 Licinio
906 1327 1027 1388 consuli
1040 1325 1197 1406 imposita.
1312 1362 1314 1369 ·

143 1464 147 1472 .
212 1412 239 1473 is
260 1420 378 1488 septem
396 1412 479 1472 milia
500 1409 611 1473 civium
624 1410 832 1473 Romanorum
853 1417 883 1471 et
902 1413 1023 1488 equites
1044 1412 1195 1473 ducentos

212 1496 349 1561 scribere
362 1496 477 1571 iussus,
490 1499 523 1556 et
536 1494 631 1556 sociis
646 1495 779 1557 nominis
792 1494 891 1556 Latini
911 1502 1031 1570 septem
1044 1495 1127 1556 milia
1140 1512 1193 1571 pe·

213 1579 308 1640 ditum
322 1580 487 1654 imperare,
511 1578 752 1655 quadringentos
775 1579 912 1654 equites,
937 1586 969 1641 et
987 1580 1040 1640 dn.
1062 1577 1194 1640 Servilio

213 1663 340 1723 Galliam
353 1661 499 1725 obtinenti
511 1663 702 1737 provinciam
713 1662 828 1723 litteras
842 1662 968 1737 mittere,
983 1670 1018 1723 ut
1027 1670 1197 1724 sexcentos

212 1744 332 1821 equites
348 1747 566 1808 conscriberet
594 1746 677 1807 bunc
690 1746 859 1807 exercitum
871 1746 911 1808 ad
927 1747 1077 1823 collegam
1092 1748 1197 1823 primo

212 1844 338 1905 quoque
350 1837 489 1905 tempore
503 1829 621 1891 mittere
633 1829 666 1890 in
679 1829 893 1891 Macedoniam
906 1829 1021 1893 iussus.
1045 1846 1147 1907 neque
1162 1830 1194 1891 in

161 1974 164 1979 ⁴
212 1928 251 1973 ee
264 1911 423 1989 provincia
437 1915 508 1988 plus
524 1929 616 1990 quam
637 1914 716 1975 duas
737 1914 874 1989 legiones
888 1929 976 1975 esser
996 1929 1050 1975 eas
1071 1914 1195 1991 repleri,

211 2004 245 2058 ut
258 2012 334 2058 sena
348 1997 430 2058 milia
444 1998 589 2074 peditum,
605 2005 748 2059 trecenos
762 1995 910 2060 haberent
921 1996 1050 2074 equites.
1073 2005 1195 2061 ceteros

128 2080 132 2086 ’
212 2082 332 2157 equites
344 2081 527 2158 peditesque
539 2080 570 2142 in
582 2081 746 2157 praesidiis
758 2080 891 2157 disponi.
914 2081 967 2156 qui
978 2097 1084 2143 eorum
1091 2081 1195 2143 idonei

213 2166 253 2225 ad
267 2166 453 2228 militandum
467 2181 529 2228 non
544 2173 658 2241 essent,
674 2163 790 2227 dimitti.
813 2165 920 2226 decem
940 2174 1099 2241 praeterea
1113 2166 1198 2226 milia

213 2251 349 2325 peditum
359 2251 508 2327 imperata
518 2248 623 2324 sociis,
635 2257 667 2310 et
677 2247 843 2325 octingenti
854 2249 984 2325 equites.
1005 2249 1035 2309 id
1046 2250 1195 2326 praesidii

212 2333 348 2395 additum
368 2334 478 2395 Anicio
499 2341 623 2408 praeter
643 2333 722 2394 duas
743 2333 895 2408 legiones,
922 2349 1001 2407 quas
1020 2341 1143 2408 portare
1164 2335 1196 2395 in

212 2417 402 2492 provinciam
416 2425 465 2478 est
483 2416 604 2499 iussus,
631 2419 726 2491 quina
746 2417 829 2477 milia
849 2416 986 2493 peditum
1007 2423 1036 2476 et
1055 2418 1195 2484 ducenos

211 2500 375 2574 habentes,
396 2509 538 2561 trecenos
560 2496 690 2574 equites.
726 2507 757 2560 et
770 2499 801 2559 in
817 2502 948 2562 classem
963 2500 1100 2577 quinque
1113 2500 1195 2563 milia

212 2585 366 2644 navalium
390 2582 510 2643 socium
534 2587 606 2643 sunt
626 2583 751 2657 scripta.
786 2582 921 2646 Licinius
942 2585 1052 2650 consul
1072 2585 1218 2646 duabus.

211 2666 384 2740 legionibus
400 2664 538 2726 obtinere
551 2664 741 2741 provinciam
755 2667 878 2738 iussum
899 2684 937 2729 eo
958 2668 1073 2729 addere
1093 2669 1194 2730 socio-

211 2766 278 2809 rum
293 2749 400 2809 deeem
414 2747 496 2810 mitia
510 2749 648 2825 peditum
662 2757 693 2811 et
705 2758 871 2814 sexcentos
885 2753 1016 2827 equites,

295 2833 386 2894 XXlI.
407 2833 539 2896 Senatus
555 2835 705 2897 consultis
720 2836 865 2910 perlectis
875 2836 909 2894 L.
919 2835 1070 2897 Aemilius
1084 2835 1196 2896 consul

212 2933 230 2977 e
245 2918 330 2978 curia
342 2917 374 2979 in
388 2918 561 2981 contionem
573 2919 728 2995 processit
738 2919 969 2995 orationemque
978 2920 1071 2981 talem
1079 2918 1195 3002 hebuit

212 3000 486 3075 „animadvertisse
505 3003 629 3077 videor,
655 3003 800 3079 Quirites,
822 3004 969 3065 maiorem
991 3003 1065 3064 mihi
1086 3001 1194 3066 sortito

211 3083 423 3148 Macedoniam
434 3087 623 3164 promnciam
634 3087 867 3162 gramlatienem
877 3089 998 3162 iactam,
1016 3103 1108 3163 quam
1124 3102 1195 3149 cunr

212 3176 265 3230 act
284 3174 463 3247 compulsus
483 3168 522 3206 **
544 3172 738 3247 consulatus,
764 3178 817 3233 aut
836 3189 898 3247 quo
921 3172 971 3234 die
985 3173 1195 3247 magistratum

211 3253 355 3326 inissem;
376 3270 478 3330 neque
497 3255 529 3316 id
549 3256 589 3316 ob
609 3255 699 3315 aliam
721 3270 847 3316 causam
869 3271 962 3332 quam
980 3255 1054 3331 quia
1067 3255 1149 3315 bello
1163 3256 1194 3314 in

210 3337 406 3413 Macedonio,
427 3338 512 3414 quod
527 3339 580 3399 diu
592 3338 729 3412 trahitur,
743 3339 941 3400 existimastis
956 3338 1083 3415 omnum
1100 3338 1193 3407 maie

212 3429 290 3482 state
306 3424 411 3500 populi
424 3421 555 3484 Romani
569 3423 684 3482 exitum
703 3438 760 3497 per
779 3437 830 3483 me
842 3423 958 3498 imponi
971 3438 1078 3499 posse.
1115 3422 1194 3483 deos

213 3521 337 3582 quoque
350 3507 421 3568 huie
436 3504 551 3567 lavisse
566 3504 640 3565 sorti
655 3521 758 3581 spero,
780 3505 971 3582 eosdemque
987 3504 1020 3567 in
1034 3505 1128 3566 rebus
1140 3520 1193 3581 ge-
