2642 4017
229 276 292 342 tat
392 276 508 337 LIBER
520 275 610 336 ittlt.
632 274 716 336 cAP.
731 281 776 338 63·
787 281 833 337 64.
854 279 891 348 [a.
902 279 938 333 U.
949 298 975 333 c.
986 280 1048 348 581]

225 430 333 492 unium
345 435 450 503 suase
463 425 619 502 congestis
637 423 726 486 anxis
739 425 947 486 exstruebant.
970 440 1041 486 euru
1054 425 1205 502 operibus
1320 471 1321 488 ι

226 511 418 591 oppugnatio
442 510 676 581 laudarense,
700 510 803 570 scalas
828 523 886 585 par
907 508 1082 585 manipulos
1106 510 1205 573 dividi

224 603 351 676 praetor
369 594 461 656 iussit
480 598 540 668 [nt]
558 598 675 652 corum
692 592 830 668 nudique
850 592 973 653 nnumin
985 593 1204 669 adgroesnrns,

225 696 263 742 ao
276 679 375 756 magis
389 676 586 740 musetum
599 675 639 735 sd
657 674 690 735 id
702 673 925 738 muttiurdinern
933 682 1028 751 retus,
1043 677 1130 754 quod
1139 693 1205 752 qua

223 770 312 841 parta
331 763 422 838 petus
443 761 551 821 urbem
571 758 679 834 cingit,
704 774 763 821 nec
784 758 930 821 attinebat
950 760 1123 836 oppugnari
1143 776 1204 821 nan

224 854 353 925 poterat
375 844 445 920 ipae
457 843 497 904 nb
512 858 550 903 ee
563 849 660 918 parte,
676 857 739 919 qua
751 842 948 903 duae-turres
961 845 1110 920 quodque
1121 844 1203 905 inter

224 946 279 992 eas
295 929 374 990 muri
388 933 504 1001 meret,
524 924 684 987 duomilia
702 924 830 986 miiitum
849 925 1038 987 deucurmr
1056 927 1203 1002 admovit,

224 1022 258 1076 ut
279 1013 390 1073 nodam
408 1018 563 1085 tempore,
583 1025 646 1084 quo
666 1009 737 1086 ipsa
754 1009 975 1070 uanscnders
986 1009 1094 1070 ιιιίιιιιι
1108 1025 1202 1071 conc·

223 1103 322 1169 retur,
346 1108 501 1155 concursu
520 1092 673 1154 adversus
699 1107 737 1154 aa
756 1092 982 1169 oppidanorum
1004 1093 1202 1155 tentassetis

223 1193 322 1240 venue
345 1175 560 1238 dementius
583 1177 706 1237 moenia
728 1176 798 1253 cupi
823 1183 911 1253 perta
934 1177 1038 1252 nique
1062 1184 1201 1253 possent

223 1262 306 1323 tund
319 1260 455 1336 segniter
469 1258 617 1335 oppidani
633 1261 697 1320 vim
715 1259 784 1321 aius
797 1275 904 1320 arcere
922 1266 1041 1336 parent.
1062 1275 1135 1321 num
1146 1277 1201 1323 su·

223 1361 280 1422 per
303 1351 432 1407 stratum
453 1341 550 1404 ruinis
574 1343 675 1404 iocum
700 1343 837 1404 tussibus
857 1343 952 1404 cridia
978 1350 1200 1406 namnetorum

223 1427 341 1491 iniectis
363 1433 480 1489 stenes
499 1442 571 1488 esur
583 1427 762 1488 ardentiore
777 1425 898 1487 ionibus
911 1441 1099 1488 accensuros
1112 1442 1152 1486 en
1164 1441 1201 1487 se

224 1527 320 1588 saepe
333 1510 541 1585 minabantur,
561 1516 596 1572 ut
614 1509 757 1571 incendio
771 1509 951 1585 intersaepti
968 1511 1008 1571 ab
1022 1509 1114 1572 hoste
1127 1526 1200 1585 spa·

222 1597 295 1657 tium
319 1597 361 1656 ad
385 1594 579 1656 obiciendum
598 1592 774 1654 interiorem
793 1609 913 1654 murmn
928 1593 1086 1655 haberent
1112 1593 1201 1668 quod

223 1679 377 1754 inceptum
392 1692 499 1738 eorum
515 1677 579 1738 iors
596 1674 748 1752 nupeotiu
769 1693 840 1737 nean
857 1683 960 1738 tentus
974 1684 1103 1753 repente
1121 1676 1200 1738 effu·

223 1776 278 1822 sns
292 1760 465 1835 octimber,
485 1766 594 1821 utnon
611 1759 740 1820 accendi
759 1759 849 1822 incito
869 1767 1025 1836 pateretur
1035 1767 1069 1822 et
1084 1760 1199 1820 exstin-

223 1849 329 1920 gueret
342 1857 484 1905 accenso
499 1843 603 1919 itaque
616 1850 648 1903 et
659 1844 807 1905 uanum
821 1858 878 1918 per
890 1844 1040 1904 distractu
1051 1843 1201 1904 amandu

223 1927 353 2003 virgulto
368 1926 479 2003 patuit,
502 1933 534 1989 et
545 1928 577 1986 in
591 1926 683 1987 unius
697 1927 758 1986 loci
773 1926 959 2002 praesidium
975 1926 1117 1988 omnibus
1131 1942 1200 1987 ver·

224 2011 266 2072 sis
280 2010 403 2072 moenia
417 2026 542 2086 quoque
557 2009 698 2086 pluribus
711 2009 800 2070 simul
813 2010 952 2085 partibus
964 2010 1061 2072 soniis
1070 2010 1198 2087 capion

220 2103 278 2156 tur.
299 2094 331 2156 in
346 2095 444 2171 primo
458 2094 588 2156 umuttu
602 2099 711 2167 nuptae
729 2092 815 2154 urbis
829 2093 968 2155 seniores
982 2093 1198 2170 impubesque,

222 2185 302 2253 quos
318 2195 411 2241 cesus
427 2177 537 2240 obvios
553 2177 669 2251 obtudit,
683 2175 801 2252 passim
815 2177 915 2238 caenis
929 2178 1036 2239 armati
1049 2179 1082 2238 in
1094 2193 1199 2240 arcem

221 2262 441 2338 confugerunn
467 2268 500 2323 et
519 2268 646 2338 postero
661 2260 726 2336 die,
748 2275 819 2323 curn
831 2260 902 2337 spei
919 2260 994 2321 nihil
1007 2269 1196 2336 superesset,

221 2345 375 2407 deditione
390 2347 469 2406 tacte
483 2345 543 2406 sub
556 2360 674 2407 wrone
689 2344 858 2406 verriemnt
878 2344 1002 2407 morunt
1019 2350 1121 2405 autem
1135 2346 1198 2407 dun

220 2430 302 2490 milia
315 2432 411 2490 terme
423 2434 455 2488 et
469 2428 636 2504 quingenti.
664 2435 842 2490 ornennenu
854 2426 955 2503 urbis,
976 2434 1096 2490 statuae
1109 2436 1142 2490 et
1152 2436 1198 2490 ta·

219 2513 312 2573 bulae
325 2513 434 2588 pictae,
449 2518 480 2571 et
494 2511 645 2585 quidquid
654 2510 811 2584 pretiosas
823 2511 957 2587 praedae
969 2512 1034 2586 tuit,
1048 2512 1090 2573 ad
1099 2526 1198 2574 owen

220 2595 369 2663 dotatum
390 2593 465 2654 urbs
479 2593 581 2654 diruta
594 2608 615 2653 a
627 2591 844 2655 fundamentis
865 2593 938 2656 iude
950 2595 1071 2657 Thebes
1086 2597 1198 2658 ductus

221 2675 392 2745 exercitus;
415 2675 529 2750 quibus
544 2675 613 2736 sine
626 2676 790 2737 cnuntne
804 2676 939 2753 receptis
953 2679 1061 2740 ornent
1074 2680 1199 2741 tradidit

219 2759 379 2821 exsulibus
399 2759 503 2835 etqui
524 2759 733 2821 Romanorum
753 2761 965 2838 putuerunt,
985 2763 1197 2825 adversneia·

219 2841 329 2903 ctionis
347 2841 505 2903 hominum
526 2845 742 2919 teutonumque
765 2846 849 2920 regis
869 2861 908 2906 ac
927 2845 1132 2908 Macedonum
1151 2846 1165 2906 i
1183 2877 1196 2890 ·

218 2924 316 2986 milies
331 2927 390 2989 sub
404 2943 521 2989 corona
532 2927 680 2989 vendidit
701 2927 750 2989 his
763 2929 860 3004 gestis
874 2929 906 2989 in
916 2930 1046 2991 Boeotia
1058 2930 1100 2991 ed
1112 2944 1198 2990 mura

217 3023 255 3068 ac
269 3022 365 3070 naves
379 3012 479 3072 rediit

300 3092 405 3153 LXIV.
428 3095 502 3155 Cum
523 3096 600 3156 hoec
613 3094 646 3156 in
659 3096 790 3156 Boeotia
802 3101 990 3170 gererentur,
1010 3095 1143 3156 Perseus
1156 3096 1198 3156 ad

218 3172 381 3253 Sycurium
395 3178 507 3238 σιιιὶνι
517 3177 635 3239 dierum
649 3180 767 3253 utiquot
779 3177 894 3240 hbuit
912 3178 965 3239 ubi
976 3194 1045 3241 curn
1057 3178 1198 3240 audisset

215 3258 324 3335 ruptim
349 3261 508 3322 Romanos
531 3261 615 3322 circo
637 3277 679 3321 ex
704 3263 787 3337 agris
811 3263 990 3324 demessum
1011 3264 1197 3324 irmuenturu

217 3343 407 3418 convehere,
427 3343 541 3403 deinde
552 3351 625 3403 ente
638 3360 698 3404 sua
712 3360 868 3420 quemque
881 3346 1012 3407 tentoria
1031 3345 1136 3422 spiens
1149 3345 1196 3406 ιιι

216 3427 322 3489 scibus
337 3428 544 3498 desecantem,
562 3441 624 3501 quo
640 3427 749 3501 purius
761 3429 944 3491 momentum
953 3433 1074 3504 terere,
1088 3428 1196 3504 ingen-

216 3513 263 3570 tes
284 3526 415 3573 acervos
428 3525 486 3588 per
504 3514 570 3571 tota
590 3515 693 3570 cestre
713 3516 946 3573 strumentorum
959 3511 1088 3587 iecisse,
1109 3516 1197 3572 ratus
