2642 4017
249 293 367 355 LIBER
380 293 510 354 xlllllll.
532 294 725 358 caperer.
744 297 899 376 [acum]
1015 295 1058 359 29

87 447 177 522 pudor
193 446 289 508 movit
308 447 424 522 primos
445 445 652 519 centuriones,
677 447 729 523 qui
750 447 827 508 inter
845 449 906 509 tela
925 449 1057 512 hostum

85 538 244 605 praetorem
260 537 500 605 conspexerunt
528 531 631 606 itaque
644 546 756 606 urgere
770 529 934 606 signiferos
950 549 1006 608 pro
1022 550 1058 596 se

85 612 218 689 quisque,
240 614 346 674 iubere
367 614 480 673 inferre
498 613 586 688 signa
600 620 629 674 et
643 614 806 675 confestim
820 614 944 676 militem
959 617 1057 691 sequi.

83 703 236 758 renovatur
256 698 295 758 ab
311 696 452 758 omnibus
467 698 596 757 clamore
617 695 751 773 impetus
765 698 799 757 tlt
812 699 897 759 velut
910 714 950 758 ex
964 715 1057 776 supe·

82 779 152 839 n‘ore
165 782 244 841 loco.
265 780 351 841 haud
365 795 456 841 secus
471 796 546 857 ergo
563 796 653 856 quam
668 782 810 842 torrentis
823 782 915 842 modo
928 783 1058 844 fundunt

83 870 272 941 sternuntque
287 866 463 940 perculsos,
480 879 538 925 nec
553 864 698 925 sustineri
713 864 763 924 alii
778 881 874 941 super
889 867 966 927 alios
980 867 1055 927 lnle·

80 952 171 1008 rentes
185 964 258 1009 sese
274 954 415 1023 possunt.
437 948 588 1023 fugientes
605 948 636 1008 in
651 955 753 1008 castra
767 950 886 1024 equites
902 949 1056 1026 persecuti

81 1037 156 1104 sunt,
175 1040 205 1093 et
224 1032 369 1108 permixti
388 1032 496 1091 turbae
509 1031 642 1092 hostium
657 1031 735 1091 intra
748 1034 860 1093 vallum
876 1040 1053 1110 penetrare

80 1124 155 1183 runt;
175 1117 228 1176 ubi
251 1116 291 1176 ab
311 1115 426 1175 relictis
440 1113 470 1174 in
485 1115 642 1191 praesidio
658 1121 827 1176 castrorum
846 1116 996 1192 proelium
1010 1119 1055 1179 io·
1136 1149 1161 1172 x

80 1203 245 1276 sturmium,
265 1200 428 1276 coactique
442 1205 515 1259 sunt
528 1199 657 1259 Romani
673 1199 793 1275 equites
809 1201 1000 1262 descendere
1015 1218 1055 1263 ex

80 1279 166 1355 equis.
201 1283 416 1345 dimicantibus
436 1281 475 1343 iis
495 1282 575 1357 legio
596 1284 702 1357 quinta
716 1285 909 1358 superventu
933 1285 1054 1358 deinde,

78 1369 106 1421 ut
118 1382 256 1443 quaeque
273 1373 444 1444 potuerant,
460 1366 570 1441 copiae
582 1365 768 1427 adfluebant.
799 1368 968 1430 caeduntur
984 1383 1054 1443 pas·

80 1446 129 1505 sim
142 1448 270 1525 Hispani
287 1467 342 1527 per
356 1457 420 1511 tota
434 1458 550 1522 castum
573 1465 631 1511 uec
646 1451 718 1527 plus
734 1466 825 1526 quam
842 1459 987 1527 quattuor
1000 1451 1054 1510 mi·

78 1528 112 1587 lia
124 1530 278 1595 hominum
293 1534 474 1610 effugerunt.
499 1531 572 1593 inde
586 1533 644 1594 tria
657 1534 740 1593 milia
753 1534 827 1606 lere,
843 1532 894 1609 qui
910 1550 994 1594 arma
1006 1549 1054 1593 re·

79 1610 223 1692 tinuerant,
239 1625 375 1679 montem
386 1617 593 1693 propinquum
605 1623 768 1693 ceperunt;
783 1617 865 1678 mille
876 1617 1053 1679 semiermes

79 1698 198 1761 mamare
208 1717 268 1777 per
280 1718 371 1777 agros
383 1701 474 1777 palati
484 1708 564 1761 suot.
586 1717 683 1775 supra
692 1699 814 1775 triginta
826 1701 961 1777 quinque
972 1701 1055 1762 milia

79 1774 199 1844 hostium
218 1786 356 1856 fuerant,
379 1800 419 1845 ex
440 1784 551 1861 quibus
568 1790 629 1844 tam
651 1784 762 1858 exigua
777 1799 850 1860 pars
865 1801 987 1862 pugnae
1002 1803 1053 1847 su·

80 1865 188 1933 perluit.
211 1869 301 1945 signa
316 1876 541 1944 cupiscentum
554 1867 677 1944 triginta
687 1866 753 1926 tria.
773 1868 902 1929 Romani
913 1870 1054 1946 sociique

80 1949 161 2017 lauto
181 1954 250 2028 plus
275 1953 411 2014 sexcenti
430 1960 461 2013 et
478 1951 709 2027 provincialium
730 1951 911 2011 auxiliomm
933 1961 1054 2014 centum

82 2028 290 2112 quinquaginta
310 2038 405 2097 ferme
425 2037 610 2098 ceciderunt
644 2035 755 2096 tribuni
777 2035 901 2096 militum
917 2034 1054 2111 quinque

81 2114 173 2176 missi
181 2128 212 2182 et
228 2120 323 2197 pauci
338 2121 458 2195 equites
469 2121 598 2181 Romani
610 2125 754 2181 cruentae
763 2120 896 2180 maxime
906 2119 1053 2180 victoriae

82 2199 201 2269 speciem
222 2207 370 2265 fecerunt.
403 2204 433 2264 in
449 2205 557 2266 castris
571 2203 720 2277 hostium,
743 2204 814 2279 quia
827 2204 905 2278 ipsis
920 2204 1052 2279 spatium

82 2292 130 2339 sua
148 2288 371 2349 communiendi
390 2304 452 2348 non
474 2289 586 2363 luerat,
608 2293 794 2350 manserunt.
831 2303 888 2362 pro
909 2289 1053 2348 contione

83 2373 192 2434 postero
207 2372 260 2432 die
273 2370 389 2432 laudati
403 2370 570 2448 donatique
583 2387 603 2431 a
617 2373 647 2433 c.
661 2370 825 2447 Calpurnio
840 2368 962 2445 equites
977 2370 1051 2446 pha·

81 2444 157 2522 loris,
172 2453 440 2532 pronuntiavitque
454 2471 561 2518 eorum
575 2454 707 2516 maxime
721 2470 819 2530 opera
830 2453 939 2514 hostes
954 2454 1051 2527 fusos,

81 2539 170 2595 castra
188 2547 279 2615 capta
299 2546 329 2600 et
349 2546 525 2616 expugnata
546 2554 627 2600 esse.
655 2538 812 2614 Quinctius
834 2539 910 2599 alter
928 2544 1053 2614 praetor

82 2625 146 2708 suos
166 2623 285 2698 equites
306 2623 422 2684 catellis
443 2640 480 2684 ac
494 2622 595 2686 fibulis
616 2622 750 2684 donavit.
783 2619 889 2684 donati
903 2630 934 2684 et
949 2629 1051 2683 centu-

80 2709 170 2763 nones
182 2721 220 2767 ex
230 2704 393 2783 utriusque
404 2706 541 2768 exercitu
552 2709 701 2783 permulti,
713 2707 844 2766 maxime
856 2705 908 2781 qui
921 2707 1051 2766 mediam

82 2779 165 2843 aciem
177 2795 349 2851 tenuerunt.

154 2870 269 2935 XXXII.
299 2875 447 2936 consules
472 2874 634 2936 dilectibus
659 2873 804 2949 aliisque,
831 2887 911 2949 quae
934 2873 1051 2933 Romae

82 2954 204 3039 mendae
218 2963 314 3033 erunt,
331 2958 463 3033 peractis
473 2958 567 3019 rebus
581 2958 612 3019 in
623 2958 751 3033 Ligures
763 2955 950 3033 provinciam
963 2971 1050 3017 exer·

82 3034 160 3123 ilium
173 3039 332 3103 duxerunt.
354 3040 555 3117 Sempronius
570 3040 678 3102 aPisis
690 3041 846 3118 profectus
856 3041 887 3100 ln
899 3041 1050 3115 Apuanos

81 3104 208 3197 Limnes,
228 3126 380 3186 vastando
402 3141 495 3201 agros
513 3125 695 3201 urendoque
712 3124 799 3186 moos
814 3132 845 3185 et
858 3125 984 3186 castella
997 3138 1050 3183 eo·

83 3205 139 3259 rum
154 3208 269 3282 apernit
289 3211 399 3270 saltum
419 3225 520 3284 usque
541 3210 579 3269 ad
599 3208 733 3269 Macram
755 3206 881 3269 fluvium
902 3214 933 3269 et
945 3207 1052 3268 Lunae

84 3288 197 3350 lenum.
225 3291 331 3354 hostes
351 3300 499 3367 montem,
520 3294 676 3370 antiquam
692 3294 797 3354 sedem
811 3291 960 3353 maiorum
978 3307 1050 3351 suo-

84 3372 147 3453 ilsss,
162 3383 321 3451 ceperunt;
343 3385 374 3438 et
386 3376 459 3438 inde
474 3385 619 3453 superata
634 3378 771 3438 locomm
786 3374 945 3452 iniquitate
960 3387 1050 3449 proe-

86 3439 118 3505 ¹¹0
136 3451 237 3520 deiecti
258 3467 338 3521 sunt.
370 3466 401 3521 et
414 3464 440 3520 A
443 3478 475 3537 p.
491 3460 635 3522 Claudius
659 3460 831 3522 felicitatem
846 3459 1050 3530 virtutemque

86 3531 202 3611 eelogae
220 3544 250 3603 in
265 3544 428 3619 Liguribus
441 3545 586 3619 Ingaunis
604 3543 749 3620 aequavit
768 3541 913 3605 secundis
935 3540 1052 3615 aliquot
