2642 4017
282 278 398 339 LIBER
408 281 497 340 xlii.
520 281 603 341 cAP.
617 290 661 344 sa.
676 290 719 345 aa.
742 289 824 357 [ac.
840 290 901 357 171]
1016 284 1080 351 175

95 435 234 491 mentum
254 429 461 505 pollicendum
482 431 522 490 ad
542 430 664 491 bellum.
696 433 837 494 omnibus
852 435 967 509 gratiae
982 447 1076 513 actae,

94 511 262 574 remissum
277 513 435 573 omnibus=
457 512 532 574 satis
552 515 656 589 regios
671 523 840 591 apparatus
855 518 896 577 ad
911 534 948 579 ea
962 519 1075 582 dictum

95 597 251 658 sulficere.
274 595 415 656 vehicula
430 603 545 658 lantum
559 598 715 674 imperata,
731 606 763 660 ut
773 605 924 663 tormenta
934 604 1075 665 telorum·

95 695 160 757 que
185 678 346 740 missilium
373 680 526 754 ingentem
551 680 613 741 vim
633 690 847 758 praeparatam
872 684 1078 763 bellicumque

95 762 182 824 aliud
195 762 427 824 instrumentum
442 763 596 824 veherent

180 845 340 907 Proiectus
360 846 432 907 inde
453 853 517 908 toto
532 848 683 920 exercitu,
703 848 875 911 Eordaeam
890 857 1014 927 petens,
1036 854 1077 914 ad

94 931 285 1006 Begorritem
307 945 397 1005 quem
417 937 531 992 vocant
549 932 651 992 lacum
671 932 781 1008 positis
803 932 927 1008 castris,
948 943 1076 1011 postero

96 1015 149 1076 die
162 1011 194 1073 in
207 1013 355 1073 Elimeam
369 1014 409 1074 ad
422 1012 622 1076 Haliacmona
636 1014 764 1076 fluvium
777 1016 940 1093 processit.
964 1019 1077 1080 deinde

96 1099 178 1158 saltu
188 1105 318 1172 angusto
330 1096 484 1173 superatis
495 1098 660 1172 montibus,
673 1116 753 1175 quos
761 1100 946 1162 Cambunios
953 1110 1075 1178 vocant,

95 1179 260 1242 descendit
273 1182 313 1241 ad
326 1182 462 1242 Azorum
475 1180 617 1257 Pythium
631 1187 662 1243 et
674 1183 838 1244 Dolichen=
859 1183 1006 1260 mipollm
1020 1202 1074 1247 vo-

95 1271 168 1325 cant
181 1265 360 1325 incolentes.
382 1264 459 1326 haec
472 1264 530 1325 tria
542 1266 657 1342 oppida
670 1267 828 1343 paulisper
839 1274 987 1342 cunctata,
1003 1269 1075 1343 quia

95 1349 224 1409 obsides
244 1345 397 1408 Larisaeis
418 1348 579 1424 dederant,
601 1350 682 1410 victa
700 1357 802 1411 umen
823 1351 978 1426 praesenti
992 1358 1074 1413 metu

94 1433 126 1492 in
148 1430 335 1493 deditionem
355 1440 584 1495 concessenmt.
607 1432 739 1508 benigne
752 1432 800 1493 his
816 1433 977 1510 appellatis
991 1433 1075 1500 haud

96 1515 209 1576 dubius
222 1514 413 1576 Perrhaebos
428 1531 554 1592 quoque
568 1515 649 1576 idem
663 1516 708 1588 **,
723 1516 839 1590 urbem,
861 1516 934 1575 nihil
950 1525 1073 1578 cuncta·

94 1600 135 1661 lis
158 1598 211 1674 qui
232 1599 419 1673 incolebant,
440 1600 539 1676 primo
560 1598 694 1660 adventu
715 1597 831 1674 recipit.
861 1599 998 1678 Cyretias
1020 1616 1073 1677 op·

93 1698 234 1759 pugnare
249 1689 384 1758 coactus,
400 1683 499 1759 primo
511 1682 601 1743 etiam
615 1682 666 1743 die
676 1683 740 1743 acri
751 1697 905 1743 concursu
915 1684 955 1743 ad
966 1692 1073 1760 portas

94 1772 279 1826 armatorum
293 1771 341 1827 est
360 1768 520 1843 repulsus:
543 1773 669 1841 postero
685 1765 734 1825 die
749 1765 890 1827 omnibus
906 1767 1005 1842 copiis
1019 1768 1076 1828 ad·

94 1857 183 1911 ortus
195 1850 225 1909 in
238 1849 423 1910 deditionem
435 1865 543 1911 omnes
554 1856 624 1910 ante
635 1855 756 1910 noctem
767 1849 895 1926 accepit.
915 1850 992 1910 LIV.
1004 1851 1071 1928 My-

93 1935 153 2007 lae,
168 1933 339 2009 proximum
354 1933 512 2010 oppidum,
527 1934 568 1994 ila
582 1933 744 2006 munitum,
769 1939 803 1994 ut
815 1933 1073 2008 inexsuperabilis

92 2016 270 2077 munimenti
295 2032 370 2091 spes
396 2016 513 2078 incolas
538 2016 708 2078 ferociores
729 2017 856 2089 iaceret,
882 2032 944 2076 non
967 2024 1073 2092 portas

94 2100 242 2162 claudere
251 2100 315 2174 regi
327 2100 402 2160 satis
413 2100 593 2173 habuemnt,
605 2101 663 2160 sed
669 2099 793 2176 probris
801 2097 963 2175 quoquein
970 2100 1073 2175 ipsum

92 2182 345 2259 Macedonasque
369 2183 554 2259 procacibus
574 2181 695 2244 iaculati
717 2188 797 2243 sunt.
831 2196 911 2257 quae
931 2196 983 2242 res
1003 2199 1073 2243 cum

94 2266 284 2327 infestiorem
303 2266 422 2328 hostem
445 2266 484 2326 ad
500 2266 741 2343 oppugnandum
755 2266 895 2339 iecisset,
916 2265 1004 2341 ipsos
1019 2266 1071 2327 de·

93 2350 272 2425 speratione
285 2351 394 2411 veniae
409 2350 449 2410 ad
462 2352 595 2411 tuendos
607 2365 679 2411 sese
690 2348 792 2410 acrius
803 2348 952 2410 accendit.
968 2350 1074 2426 itaqua

91 2433 294 2511 pertriduum
308 2434 482 2509 ingentibus
496 2434 649 2510 utrimque
661 2431 771 2494 animis
786 2439 816 2494 et
831 2440 1010 2509 oppugnata
1024 2439 1073 2494 est

92 2524 125 2578 et
135 2517 272 2578 defensa.
287 2517 447 2579 multitudo
458 2517 662 2578 Macedonum
674 2518 713 2578 ad
726 2517 919 2578 subeundum
929 2516 959 2576 in
973 2515 1070 2577 vicem

91 2600 244 2677 proelium
264 2600 348 2661 haud
368 2600 532 2662 difficulter
552 2602 752 2664 succedebam
776 2600 965 2677 oppidanos,
991 2601 1071 2662 diem

90 2690 214 2746 noctem
235 2684 362 2745 eosdem
383 2691 503 2746 tuentes
523 2686 661 2759 moenia,
683 2702 745 2746 non
759 2687 889 2747 calnam
906 2685 999 2745 modo
1014 2685 1072 2745 sed

90 2769 183 2830 etiam
203 2766 324 2842 vigiliae
345 2775 375 2830 et
395 2768 555 2829 continens
576 2768 662 2829 labor
684 2766 873 2829 condciebat.
896 2775 1005 2844 quarto
1021 2768 1072 2829 die

91 2868 163 2913 cum
189 2852 292 2912 scalae
315 2851 453 2926 undique
477 2851 519 2911 ad
540 2866 644 2912 muros
668 2851 857 2925 erigerentur
877 2858 908 2911 et
928 2859 1018 2925 porta
1038 2850 1070 2911 vi

89 2935 208 2996 maiore
227 2941 472 3010 oppugnaretur,
494 2934 640 3011 oppidani
654 2933 775 3008 depulsi
789 2931 884 2993 muris
898 2932 939 2993 ad
953 2942 1071 3008 portam

89 3018 237 3079 tuendam
252 3024 438 3079 concurrant
452 3019 706 3094 eruptionemque
720 3016 909 3091 repentinam
923 3015 953 3075 in
963 3017 1071 3078 hostes

90 3103 222 3171 iaciunt3
252 3118 332 3177 quae
354 3118 423 3163 cum
443 3102 507 3161 irae
529 3101 627 3176 magis
648 3099 839 3161 inconsultae
866 3115 958 3175 quam
977 3116 1072 3161 verae

89 3185 224 3246 fiduciae
237 3184 347 3247 virium
362 3193 454 3259 esset,
470 3184 562 3261 pauci
576 3192 607 3245 at
617 3184 693 3244 lessi
705 3183 744 3243 ab
756 3182 880 3258 integris
891 3184 974 3260 pulsi
985 3191 1071 3259 terga

90 3268 250 3343 dedemnt,
265 3270 479 3345 fugientesque
493 3285 550 3345 per
564 3273 716 3344 patentem
728 3275 847 3341 portam
858 3267 966 3328 hostes
981 3281 1069 3327 acce

91 3359 212 3428 parunt.
236 3353 279 3413 ita
298 3361 389 3429 capta
402 3352 476 3413 urbs
491 3368 528 3413 ac
543 3352 662 3426 direpta
677 3358 732 3413 est.
753 3351 849 3411 libera
864 3364 989 3425 quoque
1002 3363 1068 3406 cor-

90 3450 184 3512 pora,
205 3451 286 3512 quae
306 3437 454 3498 caedibus
475 3436 706 3512 superfuerunt,
729 3451 839 3494 venum
860 3433 939 3493 data.
969 3431 1073 3489 diruto

90 3535 202 3590 magna
222 3536 262 3580 ex
280 3528 368 3593 parte
389 3527 420 3581 ct
439 3522 566 3580 incenso
581 3518 698 3595 oppido
714 3519 870 3593 profectus
887 3515 927 3573 ad
939 3512 1067 3571 Phalan-
