2642 4017
315 274 430 336 arana
444 276 534 336 xcv.
559 275 902 357 canaanque]
1032 280 1096 342 ase

112 430 235 507 quidem
248 427 445 501 abscedebat,
461 428 561 489 donec
573 428 661 489 iussu
674 426 726 488 Cn.
740 426 856 488 Octavii
868 434 1094 504 pronuntiatum

110 521 160 576 est
185 528 241 589 per
263 526 447 589 praeconem
467 509 571 587 regios
596 525 712 587 pueros
731 511 982 589 Macedonasque
1006 517 1093 590 alios,

111 597 164 674 qui
172 595 389 658 Samothracae
403 602 516 670 essent,
539 594 565 656 si
572 594 736 657 transirent
750 595 962 672 adRomancs,
976 597 1092 659 incolu-

111 682 242 744 mitatem
258 679 490 754 libertatemque
505 686 536 740 et
549 695 607 740 sua
624 679 726 740 ornnia
741 687 927 756 servaturos,
949 698 1029 758 quae
1042 690 1095 744 aut

110 782 214 829 secum
235 763 385 825 haberent
404 769 457 825 aut
476 763 506 823 in
520 763 703 824 Macedonia
716 762 924 838 reliquissent.
959 765 1000 826 ad
1014 765 1094 825 hanc

109 867 219 912 vocem
239 846 377 910 transitio
401 847 535 908 omnium
557 848 637 907 tacta
652 853 708 920 cst,
723 846 910 922 nominaque
925 848 1040 910 dabant
1052 850 1094 909 ad

110 935 141 996 C.
156 933 344 995 Postumium
361 930 514 992 tribunum
527 931 661 991 militum.
697 929 811 991 liberos
832 946 957 1007 quoquc
978 948 1093 1008 parvos

108 1017 213 1103 regips
233 1017 287 1078 Ion
308 1012 593 1075 Thessalonicensis
614 1012 741 1075 (imario
763 1012 903 1084 tradidit;
929 1030 987 1075 nec
1008 1014 1092 1091 quis·

111 1118 212 1178 quarn,
233 1106 355 1176 praeter
379 1097 549 1174 Philippum
563 1098 729 1158 maximum
756 1104 829 1159 natu
852 1113 893 1158 ex
918 1097 997 1172 filiis,
1025 1114 1092 1158 curn

110 1201 183 1260 rege
197 1184 330 1245 relictus.
353 1190 415 1244 turn
426 1197 498 1242 sese
509 1181 668 1258 filiumque
690 1180 816 1243 Octavio
837 1181 975 1256 tradidit,
997 1183 1092 1244 tortu·

110 1284 180 1329 nam
195 1268 344 1342 deosque,
360 1280 490 1341 quormn
504 1267 650 1341 templum
660 1272 735 1340 erat,
750 1266 833 1326 nulla
848 1281 909 1341 ope
920 1265 1092 1342 supplicem

110 1352 250 1415 iuvantes
264 1365 427 1411 accusans.
455 1348 485 1410 in
508 1349 693 1425 praetoriam
716 1364 826 1410 navem
846 1347 962 1424 imponi
976 1347 1091 1423 iussus,

109 1436 220 1497 eodem
234 1440 266 1496 et
280 1432 426 1510 pecnnia,
449 1449 528 1508 quae
549 1432 704 1508 superfuit
721 1433 822 1494 delata
838 1439 901 1502 cst;
924 1433 1092 1506 extemplo·

111 1536 172 1596 quc
187 1517 297 1580 classis
312 1516 520 1593 Amphipolim
533 1514 652 1592 repetit.
688 1515 761 1576 inde
782 1513 926 1575 Octauius
943 1530 1048 1590 regern
1061 1514 1092 1574 in

109 1611 211 1665 castra
221 1603 261 1663 ad
273 1602 430 1662 consulem
441 1598 524 1661 misit
534 1597 714 1675 praemissis
727 1597 844 1672 litteris,
856 1597 930 1659 utin
943 1604 1093 1677 potestate

110 1703 180 1749 eum
193 1701 266 1747 esse
280 1693 311 1748 et
321 1683 436 1745 adduci
454 1680 556 1745 sciret.

195 1770 262 1831 Vll.
290 1768 465 1830 Secundam
486 1783 553 1827 earn
572 1765 701 1841 Paulus,
727 1764 807 1826 sicut
831 1772 910 1837 erat,
936 1765 1093 1827 victoriam

109 1864 195 1917 ratus
210 1852 350 1915 victimas
366 1849 478 1913 cecidit
490 1866 529 1912 eo
544 1848 666 1921 nuntio;
688 1857 718 1911 et
734 1847 864 1910 consilio
879 1851 1031 1911 advocato
1047 1850 1093 1909 lit-

111 1948 192 2001 teras
208 1934 359 2014 praetoris
375 1952 445 1997 cum
458 1932 629 2009 recitasset,
646 1934 681 2009 Q.
696 1933 816 1994 Aelium
830 1933 1024 1994 Tuberonem
1039 1933 1092 1992 ob-

113 2025 192 2084 uiam
211 2020 276 2097 regi
296 2018 391 2093 misit,
413 2026 534 2081 ceteros
554 2034 679 2079 manere
699 2018 729 2077 in
745 2017 898 2093 praetorio
915 2017 1093 2092 trequentes

110 2105 208 2168 iussit.
241 2122 303 2167 non
325 2104 401 2165 alias
423 2104 463 2164 ad
483 2104 576 2164 ullum
598 2102 808 2179 spectaculum
827 2106 911 2160 tanta
933 2099 1093 2160 multitudo

112 2190 252 2252 occurrit.
282 2196 401 2265 patrum
417 2193 515 2247 aetate
530 2185 660 2264 Syphax
674 2200 731 2246 rex
747 2189 855 2260 captus
870 2182 902 2243 in
918 2190 1018 2243 castra
1032 2183 1093 2242 Ro-

111 2274 366 2335 manaadductus
379 2277 460 2339 eram
481 2276 696 2346 praeterquam
712 2268 797 2344 quod
810 2282 869 2328 nec
883 2283 942 2328 sua
952 2282 1009 2327 nec
1020 2282 1094 2342 gen·

111 2359 149 2419 tis
165 2360 245 2418 lama
259 2354 500 2432 comparandus,
518 2360 590 2415 tunc
611 2352 752 2414 accessio
772 2350 879 2412 Punici
900 2349 971 2411 belli
986 2351 1094 2422 luerat,

112 2443 191 2503 sicut
206 2440 333 2501 Gentius
346 2438 555 2500 Macedonici:
577 2437 709 2498 Perseus
730 2442 823 2512 caput
842 2435 914 2495 belli
935 2440 1015 2507 erat,
1037 2449 1095 2493 nec

111 2527 210 2599 ipsius
224 2531 340 2585 mnium
350 2524 445 2598 patris
457 2521 578 2599 avique,
594 2537 674 2598 quos
686 2520 836 2597 sanguina
847 2534 884 2579 ac
894 2534 1009 2594 genere
1021 2533 1094 2579 con

113 2608 255 2684 tingebat,
271 2608 353 2667 iama
367 2615 566 2681 conspectum
579 2623 649 2667 eum
665 2603 827 2678 alliciebat,
839 2604 896 2664 sed
910 2601 1097 2677 effulgebant

112 2691 270 2764 Philippus
286 2706 322 2749 ac
339 2705 468 2763 magnus
478 2690 671 2763 Alexander,
693 2691 745 2765 qui
766 2704 917 2749 summum
934 2684 1097 2762 imperium

113 2772 144 2832 in
161 2773 236 2832 orbe
249 2779 397 2831 terrarum
410 2771 613 2832 Macedonum
628 2774 773 2832 lacerant.
811 2771 894 2846 pullo
910 2771 1038 2831 amictus
1056 2768 1096 2806 *⁴¹

113 2856 165 2916 illo
177 2855 308 2914 Perseus
323 2853 482 2927 ingressus
495 2859 544 2912 est
558 2860 658 2914 castra
668 2855 752 2914 nullo
765 2869 891 2914 suorum
902 2854 962 2914 alio
975 2851 1094 2927 comite,

115 2939 166 3016 qui
183 2935 288 2999 socius
304 2933 483 2997 calamitatis
504 2935 755 2997 miserabiliorem
777 2951 847 2996 eum
868 2937 992 2997 laceret.
1025 2953 1096 3011 pro*

105 3021 200 3099 'gredi
216 3036 289 3097 prae
304 3019 393 3081 turba
407 3019 632 3081 occurrentium
653 3020 694 3079 ad
710 3019 920 3095 spectaculum
935 3036 995 3081 non
1011 3027 1095 3095 potc-

113 3114 169 3180 rat,
185 3107 285 3167 donec
299 3121 319 3165 a
334 3104 462 3165 consule
484 3102 607 3165 lictores
623 3101 711 3163 missi
725 3109 845 3177 essent,
868 3102 921 3178 qui
942 3110 1095 3165 summoto

113 3191 171 3252 iter
184 3190 225 3250 ad
236 3187 422 3265 praetorium
437 3189 580 3249 iacerent.
616 3187 811 3250 consurrexit
824 3190 941 3263 consul,
957 3197 987 3250 et
1001 3184 1096 3249 iussis
1197 3200 1205 3209 ‘

114 3275 224 3335 sedere
251 3274 319 3334 aliis
340 3287 590 3348 progressusque
611 3271 736 3348 paulum
755 3270 919 3334 introeunti
938 3272 1003 3347 regi
1023 3272 1097 3330 dex—

114 3364 190 3418 tram
211 3357 358 3432 porrexit.
394 3354 693 3433 summittentemque
722 3371 757 3416 se
778 3357 817 3416 ad
839 3357 937 3433 pedes
965 3350 1095 3422 sustulit

115 3457 172 3501 nec
186 3441 334 3517 attingere
348 3454 449 3515 genua
462 3455 578 3516 passus
592 3438 795 3502 introductum
817 3439 848 3499 in
868 3435 1097 3501 tabernaculum

114 3522 265 3586 adversus
273 3524 442 3585 advocatos
450 3525 480 3584 in
488 3524 650 3586 consilium
658 3524 820 3586 considere
827 3521 924 3641 inspic.
939 3517 1019 3578 Vlll.
1036 3516 1097 3592 pri·
