2642 4017
225 334 228 341 .
267 303 308 365 gs
452 299 638 359 LlBERXL.
662 299 746 358 uAP.
757 307 801 362 37.
813 307 858 362 38.
872 300 907 377 [a.
919 305 954 356 U·
966 320 989 358 c·
1002 303 1064 371 572]

270 454 450 530 priusquam
474 449 505 511 in
529 449 700 510 Sardiniam
724 449 915 524 provinciam
935 451 1091 525 traiceret,
1117 451 1248 511 decreta.

269 543 416 612 suspecta
436 534 572 595 consutis
594 541 659 593 erat
678 549 761 594 mors
782 533 924 595 maxime.
954 542 1081 597 necatus
1102 550 1123 593 a
1139 535 1250 607 Quarta
1309 544 1310 587 l

269 619 398 682 Hostilia
411 634 510 680 uxore
524 617 691 678 dicebatur.
713 623 746 678 ut
760 616 884 692 quidem
898 618 979 678 lilius
994 619 1060 679 eius
1076 618 1110 692 Q.
1124 616 1249 679 Fulvius

268 706 398 765 Flaccus
418 701 565 764 inlocum
585 700 685 761 viuici
699 703 808 762 consul
822 708 870 762 est
884 701 1072 774 declaratus,
1094 703 1249 776 aliquanto

269 787 366 863 magis
378 785 499 848 internis
514 801 598 846 mors
608 784 730 846 Pisonis
743 784 845 861 eoepit
859 801 946 855 esse;
970 794 1000 845 et
1012 792 1108 847 testes
1122 787 1249 847 exsiste·

268 873 357 947 bant,
382 870 434 946 qui
455 877 528 946 post
546 869 720 930 declaratos
737 870 882 931 consules
896 870 1039 930 Albinum
1054 876 1085 930 et
1097 869 1249 944 Pisonem,

270 956 383 1031 qulbus
398 952 527 1014 conubis
541 951 672 1014 Flaccus
686 954 797 1013 tulerat
809 955 974 1028 repulsam,
990 961 1019 1014 et
1033 955 1250 1028 exprobratum

269 1040 298 1099 ci
313 1044 441 1098 amatre
461 1037 598 1097 dicerent
615 1037 699 1111 quod
713 1038 774 1097 iarn
788 1037 816 1096 ei
830 1038 949 1098 tertium
964 1044 1093 1111 negatus
1109 1038 1248 1099 consula·

268 1129 319 1183 tus
334 1120 448 1196 petenti
467 1127 565 1191 esset,
591 1128 622 1180 et
641 1119 809 1194 adiecisse,
829 1128 952 1196 pararet
965 1136 1001 1180 se
1015 1121 1054 1181 ad
1069 1122 1249 1195 petendum=

269 1207 348 1266 intra
361 1205 442 1265 duos
453 1218 576 1264 menses
587 1202 774 1278 effecturam,
789 1210 822 1266 ut
832 1205 941 1264 consul
951 1204 1047 1264 fleret.
1070 1204 1149 1265 inter
1159 1207 1251 1265 multa

273 1290 332 1350 alia
352 1286 525 1349 testimonia
546 1287 586 1345 ad
607 1302 733 1348 eausam
753 1287 934 1363 pertinentia
947 1288 1025 1347 haec
1039 1304 1165 1365 quoque
1179 1305 1250 1364 vox,

269 1373 359 1434 nimis
374 1387 451 1433 vero
467 1377 578 1431 eventu
596 1371 811 1446 comprobata,
831 1371 933 1446 valuit,
952 1386 1007 1431 cur
1020 1371 1152 1432 Hostilia
1167 1374 1249 1432 darn·

270 1464 402 1519 caretur.

353 1541 446 1600 Veris
461 1537 612 1614 principio
628 1537 735 1612 hrriuS,
757 1538 829 1599 dum
845 1541 991 1600 consules
1006 1555 1106 1600 novos
1121 1539 1250 1602 dilectus

271 1627 386 1685 Romae
400 1629 491 1696 tenet,
506 1637 589 1683 mors
602 1622 715 1685 deinde
729 1620 853 1682 alterius
867 1629 898 1682 et
909 1623 1033 1683 creandi
1045 1623 1167 1687 comitia
1178 1640 1250 1686 cou-

270 1709 346 1769 sulis
369 1707 400 1765 in
420 1707 523 1767 laeum
543 1704 609 1766 eius
631 1706 733 1766 omnia
752 1706 886 1768 tardiora
906 1708 1052 1768 lecerunt.
1086 1707 1250 1768 interimi).

272 1789 431 1853 Cornelius
452 1797 483 1850 et
496 1789 536 1848 M.
551 1788 701 1865 Baebius,
723 1788 776 1866 qui
796 1791 827 1850 in
842 1791 1002 1851 consulatu
1016 1790 1090 1850 nihil
1104 1805 1249 1849 memora-

269 1877 331 1936 bile
345 1881 516 1950 gesserant,
528 1874 558 1933 in
568 1877 720 1949 Apuanos
731 1874 859 1949 Ligures
873 1874 1040 1935 exereitum
1056 1871 1250 1934 induxerunt

269 1958 429 2022 XXXVIII.
450 1959 589 2034 Ligures,
606 1956 658 2032 qui
672 1963 743 2017 ante
757 1957 921 2018 adventurn
932 1957 962 2018 in
976 1956 1167 2034 provinciam
1179 1972 1251 2018 cun-

270 2045 370 2120 sulprn
393 2059 455 2102 non
470 2047 708 2117 exspectassent
720 2040 848 2115 bellum,
869 2040 1038 2117 improviso
1052 2041 1197 2117 oppressi
1211 2041 1251 2100 ad

271 2126 433 2188 duodecim
448 2127 529 2187 milia
542 2124 699 2186 hominurn
711 2123 894 2185 dediderunt
904 2141 949 2185 se.
970 2141 1027 2187 eos
1043 2126 1184 2186 consulto
1195 2139 1253 2199 per

271 2212 385 2271 litteras
401 2211 487 2286 prius
502 2215 612 2272 senatu
626 2208 780 2268 deducere
794 2223 832 2268 ex
847 2208 1003 2270 montibus
1016 2208 1048 2269 in
1062 2224 1156 2284 agros
1171 2223 1251 2268 cam·
1309 2238 1310 2243 κ

269 2301 391 2371 pestres
406 2296 513 2371 procul
528 2294 566 2353 ab
582 2294 684 2366 domo,
702 2307 742 2351 ne
755 2290 873 2354 reditus
887 2308 962 2369 spes
975 2301 1076 2366 esset,
1093 2291 1252 2352 Cornelius
1309 2356 1310 2369 ,

270 2387 301 2440 et
314 2378 448 2440 Baebius
468 2385 653 2451 statuerunt,
675 2375 791 2436 nullum
810 2375 903 2438 alium
922 2384 993 2439 ante
1006 2377 1099 2438 finem
1112 2378 1170 2437 rati
1184 2376 1253 2436 iore
1309 2380 1310 2385 ’

269 2460 417 2539 Ligustini
430 2460 511 2521 belli.
534 2476 608 2535 ager
623 2459 764 2535 publicus
779 2461 884 2536 populi
897 2461 1026 2522 Romani
1040 2469 1106 2521 erat
1118 2459 1149 2520 in
1165 2459 1253 2521 Sam·

270 2546 396 2616 ritibus,
417 2544 652 2605 Taurasinorrun
670 2543 785 2617 fuerat.
810 2560 844 2607 eo
860 2561 927 2606 cum
947 2545 1110 2608 traducere
1122 2543 1254 2619 Ligures

269 2630 418 2702 Apuanos
434 2627 554 2701 vellent,
570 2626 748 2703 edixerunt,
763 2628 891 2703 Ligures
905 2626 1029 2706 Apuani
1044 2627 1254 2689 dementibus

269 2710 494 2771 descenderent
514 2727 581 2771 curn
604 2711 709 2773 liberis
731 2712 990 2789 coniugibusque,
1011 2729 1069 2774 sua
1084 2709 1186 2775 omnia
1201 2727 1254 2772 se-

269 2809 338 2854 cum
357 2800 522 2869 portarent.
551 2795 679 2871 Ligures
700 2811 795 2872 saepe
815 2799 1003 2874 perlegales
1018 2794 1191 2872 deprecati,
1212 2811 1255 2855 ne

270 2884 410 2951 penates,
432 2879 538 2941 sedem
559 2880 590 2940 in
611 2896 673 2956 qua
692 2879 785 2957 geniti
804 2888 923 2955 essent,
945 2882 1088 2957 sepulcra
1102 2881 1255 2940 maiorum

270 2969 452 3034 cogerentur
465 2964 646 3040 relinquere,
662 2980 747 3024 arma
762 2962 888 3025 obsides
902 2965 1135 3040 pollicebantur.
1164 2971 1254 3039 post-

237 3114 240 3119 ,
270 3056 362 3117 quarn
377 3045 449 3106 nihil
464 3047 681 3124 impetrabant,
699 3063 801 3123 neque
813 3046 896 3108 vires
911 3049 949 3108 ad
965 3048 1140 3110 bellandum
1155 3055 1255 3121 erant,

268 3127 369 3186 edicto
391 3140 564 3204 pamerunt.
592 3131 722 3193 traducti
743 3140 813 3193 sunt
834 3132 955 3205 publico
977 3140 1103 3208 sumptu
1120 3132 1160 3192 ad
1176 3148 1255 3207 qua·

270 3209 409 3285 draginta
424 3212 506 3273 milia
523 3215 687 3275 liberorum
703 3215 837 3289 capitum
849 3231 920 3275 cum
934 3214 1055 3277 feminis
1070 3215 1254 3293 puerisque.

267 3295 385 3368 argenti
402 3295 473 3356 data
487 3305 608 3358 centurn
622 3304 652 3357 et
667 3297 886 3373 quinquaginta
900 3298 994 3374 milia,
1009 3301 1092 3362 unde
1106 3300 1136 3359 in
1151 3315 1256 3360 novas

268 3380 363 3440 sedes
375 3388 590 3455 compararent
597 3397 678 3457 quae
687 3398 769 3456 opus
781 3388 896 3442 essent.
911 3398 985 3458 agro
998 3382 1165 3444 dividendo
1176 3383 1256 3442 dan·

267 3463 373 3538 doque
386 3464 478 3525 iidem
493 3465 545 3541 qui
559 3466 773 3542 traduxerant,
795 3465 953 3527 cornelius
969 3475 999 3527 et
1011 3465 1145 3529 Baebius
1162 3481 1257 3543 prae·

267 3545 367 3620 positi.
404 3548 630 3623 postulantibus
650 3556 751 3611 tamen
773 3549 850 3626 ipsis
872 3548 1068 3627 quinqueviri
1088 3551 1125 3610 ab
1141 3556 1259 3611 senatu
1309 3608 1310 3623 ,
