2642 4017
259 256 385 316 ,creua
399 256 488 316 xer.
512 256 594 315 cnr.
612 264 654 320 rr.
668 265 711 319 ra.
728 265 771 321 m
794 260 876 335 po.
890 263 950 339 rer]
1036 260 1100 324 aaa

0 423 3 432 ‘
73 418 77 425 ·
119 415 238 471 ratores
251 406 324 467 nihil
341 407 496 482 indignum
511 423 570 467 nec
585 407 746 469 clementia
760 424 818 470 nec
832 412 980 485 gravitate
994 412 1101 489 populi

118 490 250 556 Romani
272 492 450 552 decreturos
470 506 550 564 esse,
571 497 671 552 tamen
686 490 718 552 in
732 502 842 554 senatu
853 510 978 570 quoquc
991 497 1102 571 agitata

118 584 168 638 est
181 591 300 637 summa
315 574 522 648 consiliorum,
538 583 571 636 ιιι
584 574 727 636 inchoata
738 577 839 636 omnia
853 577 944 653 legati
959 579 997 638 ab
1009 580 1101 641 domo

119 662 200 721 terre
222 660 260 719 ad
281 658 483 733 imperatores
503 665 641 733 possent
678 659 785 719 XVlll.
813 660 946 721 omnium
971 661 1102 737 primum

118 745 234 806 liberos
251 757 323 803 esse
338 741 479 817 placebat
488 742 676 804 Macedonas
690 751 781 818 atque
794 743 944 821 Illyricae,
959 752 993 806 ut
1007 747 1102 807 omni·

119 829 178 888 bus
199 826 340 902 gentibus
361 832 526 901 appareret
545 842 628 885 arma
648 827 756 902 populi
770 828 900 889 Romani
920 844 982 890 non
997 828 1102 891 liberis

120 911 299 972 servitutem
313 909 370 970 sed
386 917 494 971 contra
510 908 715 970 servientibus
733 910 902 973 libertatem
917 912 1048 988 adlerre,
1069 920 1103 974 ut

119 1003 152 1055 et
171 995 203 1053 in
225 993 362 1054 libertate
379 1000 486 1068 gentes
508 1009 586 1069 quae
607 999 713 1054 essent
725 1001 820 1057 tutam
834 1010 902 1055 eam
917 996 976 1055 sibi
991 1012 1101 1072 perpe·

120 1086 266 1151 tuamque
280 1077 338 1138 sub
352 1077 445 1137 tutela
460 1080 568 1154 pupuli
586 1077 717 1139 Romani
736 1093 816 1152 esse,
838 1086 869 1140 et
883 1094 963 1155 quae
977 1079 1036 1143 sub
1053 1096 1101 1140 re·

121 1162 211 1237 gibus
226 1159 365 1222 viverent
379 1166 408 1220 ct
422 1162 452 1220 in
468 1176 617 1236 praesens
632 1169 754 1237 tempus
774 1162 909 1225 mitiores
925 1178 981 1224 eos
995 1163 1100 1225 iustio-

121 1261 236 1320 resque
250 1250 396 1320 respectu
417 1245 522 1321 populi
536 1246 666 1307 Romani
680 1246 795 1306 habere
809 1261 860 1322 sc,
881 1252 912 1307 et
931 1247 958 1308 si
977 1248 1101 1322 quando

120 1330 234 1389 bellum
248 1344 317 1389 cunr
332 1329 447 1403 populo
461 1329 600 1391 Romano
614 1329 740 1405 regibus
761 1329 872 1391 luisset
885 1330 966 1401 suis,
987 1331 1100 1391 exitum

51 1489 54 1492 ἦ
122 1413 190 1473 eius
204 1411 361 1473 victoriam
377 1411 534 1486 Romanis,
549 1412 607 1472 sibi
627 1414 795 1474 libertatem
810 1412 981 1474 adlaturum
995 1413 1101 1473 crede·

120 1504 197 1556 rent.
233 1495 344 1557 metalli
365 1511 490 1571 quoque
511 1494 703 1556 Macedonici
731 1495 816 1570 quod
842 1495 952 1570 ingens
972 1494 1102 1569 vectigal
1166 1568 1177 1577 ,

122 1587 195 1653 erat,
212 1580 444 1654 locationesque
458 1578 654 1654 praediorum
667 1578 849 1639 rusticorum
867 1577 931 1639 tolli
945 1578 1101 1653 placebat=

122 1680 193 1724 nam
206 1679 308 1740 neque
324 1664 391 1724 sine
405 1661 569 1738 publicano
584 1662 722 1723 exerceri
736 1676 841 1736 posse,
857 1669 888 1723 et
901 1662 953 1722 ubi
967 1661 1102 1737 publica·

122 1764 181 1808 nus
196 1756 290 1820 esset,
309 1747 350 1806 ibi
365 1755 417 1807 aut
435 1747 483 1806 ius
500 1747 656 1822 publicum
671 1751 784 1806 vanum
798 1752 850 1806 aut
862 1746 1030 1807 libertatem
1051 1763 1102 1808 so·
1154 1757 1158 1764 ·

122 1832 178 1892 ciis
193 1833 307 1892 nullam
322 1845 403 1890 esse.
423 1846 463 1889 ne
477 1830 564 1905 ipsos
581 1828 704 1905 quidem
716 1828 903 1890 Macedonas
920 1829 1001 1891 idem
1016 1845 1101 1891 excr-

122 1931 193 1976 cere
215 1929 337 1991 possea
353 1914 407 1974 ubi
427 1914 458 1972 in
474 1914 574 1974 medio
587 1913 704 1990 praeda
717 1913 994 1975 administrantibus
1010 1922 1102 1986 esset,

122 1999 164 2060 ibi
192 2013 360 2074 numquam
389 2012 500 2058 causas
529 1997 714 2059 seditionum
738 2003 769 2057 et
789 1997 961 2057 certaminis
987 1997 1103 2058 delore.

123 2097 285 2143 commune
299 2080 459 2142 consilium
473 2081 572 2156 gentis
587 2086 680 2155 esset
701 2096 740 2141 ne
754 2080 925 2155 improbum
939 2080 1050 2154 vulgus
1064 2079 1104 2140 ab

124 2172 234 2227 senatu
247 2166 386 2226 Romano
402 2165 567 2240 aliquando
582 2165 750 2226 libertatem
767 2163 882 2224 salubri
896 2163 1104 2225 moderatione

123 2250 224 2310 datam
240 2250 280 2309 ad
294 2247 447 2309 licentiam
461 2249 652 2324 pestilentem
665 2247 807 2308 traheret.
842 2246 873 2307 in
895 2252 1036 2322 quattuor
1054 2261 1103 2306 re·

122 2333 231 2408 giones
247 2331 381 2394 describi
394 2332 615 2407 Macedoniam,
630 2339 664 2393 ut
677 2347 768 2393 suum
783 2346 926 2407 quaeque
941 2329 1103 2392 concilium

122 2417 263 2491 haberet,
286 2417 413 2493 plaeuit;
437 2425 467 2477 et
488 2416 643 2477 dimidium
656 2414 759 2477 tributi
775 2430 865 2491 quam
881 2413 966 2491 quod
979 2414 1103 2489 regibus

124 2501 204 2561 terre
219 2501 299 2563 soliti
320 2507 418 2574 erant,
442 2502 558 2576 populo
579 2500 887 2575 Romano'pcndere.
925 2496 1035 2558 similia
1054 2497 1103 2558 hia

124 2590 154 2645 et
170 2586 199 2643 in
215 2585 369 2663 Illyricum
385 2585 536 2647 mandata.
559 2592 661 2646 cetera
675 2582 753 2660 ipsis
771 2582 1006 2658 imperatoribus
1020 2583 1110 2656 lega--

123 2668 225 2741 tisque
240 2669 352 2740 relicta,
368 2670 397 2727 in
413 2669 523 2743 quibus
540 2683 689 2743 praesens
703 2667 841 2728 tractatio
856 2681 958 2727 rerum
973 2663 1102 2726 certiora

125 2749 299 2808 subiectura
313 2756 378 2809 erat
392 2752 528 2813 consilia.
549 2786 550 2791 κ
667 2790 671 2796 -
711 2806 714 2809 .

209 2831 286 2890 XIX.
309 2833 390 2890 lntcr
404 2834 514 2893 multas
529 2848 635 2906 regum
652 2834 849 2909 gentiumque
869 2839 900 2892 et
919 2832 1103 2907 populorum

126 2915 295 2991 legationes
305 2915 434 2989 Attalus,
451 2917 543 2974 irater
552 2914 634 2989 regis
645 2914 801 2990 Eumenis,
816 2914 947 2975 maxime
956 2915 1105 2977 convertit

125 2999 155 3060 in
174 3015 209 3059 se
225 2999 358 3058 omnium
380 2999 487 3060 oeulos
503 2996 694 3073 animusque.
730 3005 877 3074 exceptus
898 2999 977 3059 enim
999 3005 1046 3059 est
1065 2998 1103 3057 ab

123 3084 182 3156 his,
198 3083 250 3158 qui
266 3081 356 3142 simul
367 3097 405 3142 eo
417 3083 497 3144 bello
509 3081 719 3156 militaverunt,
734 3082 816 3153 haud
829 3084 920 3158 paulo
932 3081 1104 3158 benignius,

124 3183 215 3244 quam
237 3167 264 3227 si
286 3167 355 3240 ipse
375 3167 602 3228 rexEumenes
623 3165 769 3226 venisset.
813 3166 1004 3227 adduxerant
1034 3165 1119 3225 eum'

123 3252 203 3312 duae
214 3251 245 3310 in
260 3250 397 3326 speciem
413 3250 562 3311 honestae
576 3266 639 3328 res,
660 3265 722 3310 una
739 3250 900 3325 gratulatio
915 3249 1103 3312 conveniens

123 3335 153 3394 in
169 3350 206 3394 ea
222 3334 366 3408 victoria,
390 3352 481 3411 quarn
501 3334 570 3410 ipse
591 3333 775 3405 adiuvisset,
798 3334 892 3395 altera
914 3329 1103 3408 querimonia

124 3417 229 3478 Gallici
243 3420 616 3494 tumultusaccaptaeque
630 3417 742 3491 cladis,
765 3434 826 3494 qua
846 3433 975 3491 regnum
996 3415 1025 3472 in
1048 3413 1102 3473 du-

124 3499 204 3561 bium
219 3501 383 3563 adductum
399 3511 492 3564 esset.
531 3502 654 3563 suberat
678 3511 708 3563 et
729 3509 847 3562 secreta
862 3513 936 3574 spes
950 3497 1101 3559 bonorum
