2642 4017
227 222 288 285 rua
394 219 610 281 ccccxcii.
633 218 716 279 cnr.
730 227 831 284 mar.
854 226 890 293 [a.
905 225 1049 293 ossan

310 374 413 434 val.
427 372 559 433 Perseus
575 387 643 430 curn
654 370 693 430 ab
706 370 861 445 colloquio
872 371 1080 431 Romanorum
1095 371 1125 431 in
1136 372 1203 434 Ma-

226 457 387 519 cedoniam
402 457 574 530 recepisset
590 469 681 528 sese,
704 453 823 529 legatos
842 454 973 514 Romam
993 455 1032 514 de
1051 455 1202 519 inchoau‘s

227 558 295 603 curn
308 539 424 600 Marcio
439 538 676 600 condicionibus
697 537 783 612 pacis
804 538 901 612 misit,
923 544 954 599 et
972 538 1152 615 Byzantium
1171 545 1202 601 et

224 625 368 687 Rhodum
383 624 500 684 litteras
515 621 625 696 legatis
638 621 782 680 terendas
798 621 891 681 dedit.
920 621 951 680 in
971 622 1078 682 litteris
1094 622 1204 682 eadem

225 707 377 769 sententia
390 708 431 766 ad
446 720 554 766 omnes
569 712 648 775 erat,
665 704 849 765 collocutum
865 720 899 765 se
913 719 982 765 cum
995 705 1205 766 Romanorum

225 793 350 868 legatis3
367 804 448 867 quae
462 788 603 849 audisset
617 801 760 864 quaeque
774 787 905 848 dixisset
925 788 968 848 ita
989 789 1152 864 disposita,
1168 795 1205 850 ut

226 874 367 951 superior
384 874 481 933 luisse
494 870 525 930 in
543 871 764 946 disceptatione
775 870 873 930 videri
884 879 1000 947 posset.
1027 872 1109 947 apud
1120 873 1205 933 Rho·

226 960 296 1019 dios
310 957 402 1032 legati
417 954 602 1015 addiderunt
616 955 773 1016 confidere
787 969 895 1029 pacem
911 956 1057 1026 luturam3
1072 956 1205 1017 auctori-

227 1043 284 1101 bus
300 1041 380 1098 enim
395 1039 510 1098 Marcio
526 1045 617 1114 atque
631 1038 723 1098 Atilio
739 1039 853 1098 missos
866 1039 995 1099 Romam
1016 1040 1144 1114 legatos.
1178 1040 1205 1103 si

226 1129 390 1201 pergerent
402 1122 532 1182 Romani
543 1129 650 1183 contra
661 1123 771 1183 foedus
785 1136 911 1182 movere
924 1121 1046 1195 bellum,
1063 1130 1126 1183 tum
1140 1139 1207 1184 orn·

226 1207 257 1267 ni
271 1206 386 1282 gratia,
402 1205 485 1266 omni
499 1220 560 1280 ope
574 1206 749 1265 enitendum
770 1206 837 1266 lore
856 1204 1002 1280 Rhodiis,
1023 1212 1057 1266 ut
1066 1205 1205 1266 reconci-

225 1292 300 1351 lient
318 1305 444 1366 paoemz
459 1289 486 1349 si
501 1290 576 1349 nibil
590 1290 787 1364 deprecando
803 1289 979 1365 proficiant,
994 1289 1027 1348 id
1041 1289 1205 1365 agendum,
1314 1322 1315 1325 =

226 1390 265 1435 ne
280 1374 415 1435 omnium
428 1389 530 1434 rerum
544 1373 592 1433 ius
607 1389 643 1432 ac
658 1379 798 1449 potestas
812 1373 853 1433 ad
865 1389 959 1433 unum
973 1375 1122 1448 populum
1136 1388 1205 1447 per-

226 1460 338 1520 veniat.
368 1474 438 1519 cunr
451 1464 623 1518 ceterorum
637 1458 669 1517 id
683 1457 849 1530 interesse,
864 1462 928 1516 tum
943 1457 1109 1532 praecipue
1122 1456 1208 1516 Rho-

227 1544 362 1617 diorum,
379 1541 431 1617 qui
451 1542 520 1617 plus
537 1541 614 1601 inter
629 1542 706 1601 alias
723 1541 861 1601 civitates
875 1539 1020 1615 dignitate
1031 1548 1124 1615 atque
1139 1540 1205 1615 opi-

226 1627 286 1686 bus
302 1626 470 1694 cxceilant3
492 1640 572 1699 quae
591 1640 683 1684 serva
703 1631 795 1699 atque
817 1623 1048 1698 obnoxiarum,
1065 1623 1207 1683 sinullus

228 1709 287 1768 alio
306 1709 346 1768 sit
361 1723 452 1784 quam
473 1708 513 1768 ad
534 1708 690 1769 Romanos
714 1714 884 1784 respectus.
914 1707 1013 1781 magis
1034 1713 1064 1766 et
1086 1706 1208 1768 litterae

228 1797 259 1852 et
273 1790 368 1851 verba
383 1792 551 1866 legatorum
565 1791 697 1867 benigne
711 1797 783 1857 sunt
797 1791 901 1851 audita
917 1806 1009 1867 quam
1022 1797 1208 1860 momentum

228 1876 268 1936 ad
282 1875 444 1935 mutandos
460 1875 773 1935 animoshabuerunt=
790 1875 942 1949 potentior
953 1889 1025 1934 esse
1037 1875 1133 1949 partis
1144 1889 1207 1933 mc
1226 1906 1229 1907 ν

228 1960 312 2021 lioris
327 1959 491 2019 auctoritas
504 1964 656 2034 coeperat.
677 1973 863 2034 responsum
874 1973 914 2018 ex
925 1958 1049 2018 decreto
1061 1964 1109 2017 est
1119 1964 1208 2032 opta·

227 2059 262 2102 re
277 2059 385 2119 pacem
403 2043 559 2104 Rhodios:
574 2041 600 2102 si
614 2041 727 2102 bellum
741 2049 840 2116 esset,
860 2057 899 2101 ne
922 2041 997 2115 quid
1017 2041 1056 2100 ab
1075 2041 1206 2102 Rhodiis

228 2133 366 2201 speraret
381 2134 433 2187 aut
447 2133 564 2202 peteret
577 2140 647 2199 rex,
670 2126 756 2201 quod
778 2133 910 2186 veterem
931 2123 1108 2197 amicitiam,
1132 2127 1207 2186 mul-

227 2211 266 2269 tis
281 2211 464 2285 magnisque
484 2210 598 2271 meritis
620 2225 699 2285 pace
718 2208 861 2284 belloque
882 2215 1015 2284 partam,
1036 2208 1207 2283 diiungeret

229 2292 287 2353 sibi
304 2295 342 2353 ab
357 2295 515 2355 Romanis.
545 2293 584 2353 ab
599 2293 710 2354 Rhodo
731 2293 895 2353 redeuntes
916 2290 1063 2352 Boeotiae
1083 2306 1208 2366 quoque
1237 2331 1239 2335 .

228 2377 382 2452 civitates,
398 2384 428 2436 et
439 2377 558 2436 Tlrebas
573 2382 604 2434 et
617 2375 787 2436 Coroneam
808 2382 838 2436 et
857 2375 1040 2449 Haliartum,
1057 2375 1205 2447 adiemnt,
1312 2400 1313 2455 3

230 2460 342 2536 quibus
357 2475 539 2534 expressum
554 2457 654 2517 invitis
676 2458 923 2531 existimabatur,
946 2466 977 2518 ut
997 2459 1102 2519 relicta
1121 2458 1207 2532 regia

229 2544 376 2602 societate
386 2540 532 2600 Romanis
544 2539 791 2614 adiungerentur.
808 2541 944 2602 Thebani
955 2541 1029 2602 nihil
1040 2542 1113 2602 moti
1125 2548 1205 2612 sunt,

230 2639 414 2699 quamquam
433 2621 570 2682 nonnihil
589 2628 619 2682 et
634 2623 785 2683 damnatis
805 2623 995 2701 principibus
1016 2633 1047 2685 et
1059 2623 1206 2685 restitutis
1267 2678 1274 2691 ,

229 2706 390 2767 exsulibus
412 2704 637 2766 succensebant
655 2707 813 2767 Romanis.
852 2707 1002 2768 Coronaei
1022 2715 1053 2769 et
1071 2706 1206 2768 Haliartii

229 2791 335 2849 lavore
351 2790 485 2864 quodam
499 2790 590 2851 insito
605 2790 635 2851 in
650 2806 740 2866 reges
755 2792 873 2866 legatos
885 2792 915 2851 in
926 2791 1138 2852 Macedoniam
1152 2790 1206 2850 mi-

229 2880 334 2933 serunt
347 2873 535 2949 praesidium
549 2882 704 2949 petentes,
718 2890 780 2948 quo
796 2890 831 2934 se
846 2875 996 2935 adversus
1011 2876 1206 2951 impotentem

229 2957 405 3031 superbiam
424 2958 637 3019 Thebanorum
656 2958 735 3020 tueri
757 2958 887 3034 possint.
922 2958 970 3019 cui
995 2959 1139 3034 legationi
1159 2973 1204 3018 re·

229 3055 378 3115 sponsum
393 3042 431 3102 ab
446 3058 520 3119 rege
535 3049 583 3103 cst
595 3043 782 3119 praesidium
796 3057 832 3103 se
848 3049 975 3118 propter
989 3041 1123 3103 indutias
1138 3056 1208 3102 cum

228 3124 375 3184 Romanis
390 3126 487 3187 lactas
502 3127 619 3188 mittere
633 3143 695 3188 non
710 3142 822 3202 posse:
835 3132 936 3187 tamen
951 3126 1098 3201 suadere,
1113 3126 1154 3185 ila
1170 3125 1208 3186 ab

228 3205 442 3269 Thebanorum
456 3209 588 3285 iniuriis,
603 3227 666 3285 qua
678 3217 822 3286 possent,
846 3218 878 3271 ut
897 3225 933 3270 se
947 3210 1153 3282 vindicarent,
1169 3223 1208 3268 ne

230 3291 375 3352 Romanis
391 3292 574 3367 praeberent
588 3308 713 3355 causam
727 3294 758 3353 in
772 3310 808 3354 se
822 3293 990 3354 saeviendi.

260 3380 262 3383 ’
314 3374 431 3438 XLVli.
447 3376 580 3435 Marcius
592 3383 622 3436 ct
635 3376 746 3438 Atilius
757 3378 885 3438 Romam
901 3393 969 3436 cum
980 3375 1148 3451 venissent,
1164 3375 1206 3435 le·

229 3457 383 3533 gallonem
400 3460 430 3519 in
443 3458 591 3534 Capitolio
606 3459 648 3520 lta
660 3461 883 3533 renuntiarunt,
905 3466 938 3520 ut
956 3460 1040 3521 nulla
1060 3474 1094 3519 re
1108 3459 1208 3536 magis
1314 3462 1315 3495 l
