2642 4017
310 218 426 278 amaa
441 217 502 276 xc.
525 216 608 277 cnr.
623 225 724 279 aaaa.
746 218 827 295 [ac.
841 221 903 299 rar]
1052 219 1093 284 st

112 378 190 445 runt,
205 376 236 430 et
244 371 362 431 Acilius
376 371 415 431 ab
426 377 514 445 tergo
525 377 600 430 erat.
623 369 677 430 diu
687 368 717 430 in
729 369 831 430 medic
844 370 929 431 caesi
939 371 1093 434 Celtiberia

112 455 163 530 qui
179 461 363 530 supererant
375 454 405 514 in
423 469 530 515 omnes
543 454 661 529 passim
675 460 967 530 partes.capessunt
981 457 1093 532 lugam.

113 539 231 612 equites
252 538 395 614 bipartito
417 538 448 598 in
464 552 520 600 eos
541 538 646 598 emissi
660 552 802 613 magnam
818 537 944 597 caedem
958 539 1093 601 edidere.

110 623 149 681 ad
163 620 272 696 viginti
285 621 343 682 tria
357 621 440 681 milia
452 620 584 682 bostium
598 636 636 681 eo
652 621 704 680 die
717 621 830 693 occisa,
848 628 939 696 capta
952 629 1094 699 quattuor

110 706 190 764 milia
210 713 243 766 et
257 705 442 781 septingenti
462 719 531 765 cum
552 704 641 781 equis
663 705 732 781 plus
749 705 939 780 quingentis,
961 711 993 766 et
1006 707 1095 782 signa

110 787 248 849 militaria
271 790 425 865 octoginta
445 795 526 851 octo.
555 804 666 864 magna
687 787 829 863 victoria,
850 803 913 849 non
933 795 1034 850 mmen
1049 791 1093 851 in·

109 881 236 933 cruenta
256 873 329 957 tqia
356 871 486 935 Romani
500 873 540 933 de
554 872 675 933 duabus
689 872 861 947 legionibus
875 870 985 935 milites
1000 875 1093 949 paulo

109 955 178 1030 plus
193 957 327 1032 ducenti,
343 957 461 1018 socium
471 954 571 1017 Latini
581 954 712 1017 nominis
723 956 887 1031 octingenti
897 955 1028 1034 triginta,
1040 974 1093 1019 ex·

109 1053 265 1102 ternorum
280 1039 472 1101 auxiliarium
486 1040 582 1099 terme
596 1040 657 1100 duo
672 1038 755 1100 milia
769 1047 800 1101 et
814 1039 1029 1116 quadringenti
1043 1058 1092 1103 ce·

110 1122 259 1185 ciderunt.
287 1131 411 1200 praetor
432 1124 463 1183 in
484 1130 586 1184 eastra
604 1122 753 1185 victorem
773 1124 941 1185 exercitum
961 1126 1092 1200 reduxit,

109 1206 224 1268 Acilius
239 1223 364 1269 manere
378 1209 409 1267 in
425 1209 522 1283 captis
533 1207 573 1267 ab
589 1222 624 1266 se
639 1206 749 1269 castris
764 1207 880 1268 iussus.
903 1216 1029 1284 postero
1042 1209 1093 1270 die

99 1291 207 1365 spolia
229 1292 271 1352 de
290 1291 430 1352 hostibus
451 1291 544 1365 lecta,
565 1297 596 1351 et
610 1307 667 1365 pro
682 1292 825 1353 cendone
841 1291 945 1353 donati
962 1308 1092 1368 quorum

109 1374 203 1435 virtus
218 1375 351 1451 insignis
366 1376 473 1436 iuerat
493 1374 625 1435 XXXIII.
648 1373 762 1436 sauciis
778 1374 890 1435 deinde
901 1376 931 1435 in
944 1375 1092 1451 oppidum

110 1457 266 1520 Aeburam
282 1459 418 1520 devectis
435 1475 490 1534 per
501 1458 712 1534 Carpetaniam
727 1459 767 1518 ad
780 1458 971 1519 Contrebiam
983 1459 1093 1520 ductae

111 1540 260 1614 legiones.
291 1559 330 1604 ea
348 1543 423 1604 urbs
445 1543 652 1603 circumsessa
671 1558 740 1604 cum
762 1558 780 1601 a
802 1540 959 1602 Celtiberis
980 1543 1094 1603 auxilia

111 1625 303 1702 arcessisset,
318 1624 506 1688 morantibus
520 1626 557 1687 iis
569 1642 631 1686 non
644 1625 717 1701 quia
727 1625 787 1701 ipsi
799 1625 929 1686 cunctati
941 1633 1020 1700 sunl,
1036 1626 1093 1687 sed

113 1708 182 1781 quia
204 1711 367 1786 proiectos
392 1711 484 1771 domo
510 1707 745 1785 inexplicabiles
770 1707 921 1770 continuis
945 1709 1092 1771 imbribus

111 1790 176 1851 viae
196 1801 227 1854 et
241 1793 340 1856 inflati
354 1810 461 1855 amnes
477 1794 636 1868 tenebant,
657 1793 822 1868 desperato
838 1793 951 1854 auxilio
965 1810 1093 1855 suorum

111 1872 141 1933 in
155 1875 342 1939 deditionem
355 1879 449 1939 venit
469 1877 599 1938 Flaccus
611 1892 738 1953 quoque
749 1877 981 1953 tempestatibus
991 1875 1092 1937 laedis

113 1967 236 2023 coactus
254 1962 421 2023 exercitum
436 1977 557 2023 omnam
570 1962 601 2021 in
615 1961 723 2022 urbem
739 1959 914 2022 introduxit
944 1959 1092 2033 Celtiberi,

114 2042 164 2116 qui
183 2044 316 2121 proiecti
333 2053 420 2107 erant
434 2047 557 2107 adamo
574 2046 738 2107 deditionis
751 2043 865 2121 ignari,
887 2059 956 2105 eum
969 2043 1091 2104 tandem

115 2130 281 2205 superatis,
299 2130 353 2191 ubi
368 2130 499 2206 primum
512 2128 625 2191 imbres
639 2130 837 2217 remiserunt,
859 2127 999 2189 amnibus
1014 2126 1092 2188 Con·

114 2210 237 2275 trebiam
258 2214 432 2289 venissent,
453 2219 617 2290 postquam
638 2220 740 2274 castra
759 2214 842 2273 nulia
863 2218 950 2271 extra
972 2212 1093 2272 moenia

112 2293 267 2372 viderunt,
288 2304 340 2358 aut
359 2296 391 2357 in
411 2297 537 2357 alteram
556 2303 674 2372 partem
692 2298 839 2358 uanslata
852 2296 909 2357 rati
925 2300 978 2355 aut
989 2310 1091 2355 reces-

113 2374 190 2439 sisse
208 2381 334 2456 hostes',
355 2396 412 2456 per
428 2382 649 2456 neglegentiam
664 2380 756 2442 effusi
770 2381 810 2440 ud
825 2378 974 2455 oppidum
988 2393 1092 2439 acees-

114 2472 221 2525 semnt.
247 2465 278 2525 in
292 2480 348 2526 eos
364 2464 485 2525 duabus
497 2465 595 2540 portis
604 2463 735 2526 Romani
743 2463 935 2540 eruptionem
946 2461 1093 2537 iecerunt,

114 2549 143 2603 et
156 2544 378 2625 incompositos
392 2548 492 2610 adorti
506 2549 658 2611 tuderrmt.
678 2564 823 2624 quaeres
838 2547 878 2607 ad
889 2546 1092 2607 resistendum

114 2640 165 2687 eos
185 2637 215 2691 et
230 2632 270 2693 ad
286 2633 510 2708 capessendam
530 2648 664 2708 pugnam
677 2631 830 2708 impediit,
853 2631 938 2707 quod
954 2646 1016 2691 non
1031 2647 1092 2691 uno

115 2713 229 2783 agmine
244 2731 302 2776 nec
313 2716 354 2778 ad
368 2715 457 2791 signa
467 2717 643 2792 trequentes
655 2716 827 2789 veniebant,
843 2716 952 2776 eadem
963 2730 1092 2790 magnae

114 2797 188 2865 parti
202 2800 244 2860 ad
258 2801 362 2875 lugam
376 2798 468 2861 saluti
483 2800 551 2860 tuit:
572 2800 675 2876 sparsi
689 2800 769 2861 enim
779 2806 844 2860 toto
855 2798 972 2875 passim
983 2813 1092 2874 campo

114 2890 148 2934 se
166 2880 368 2958 diffuderunt,
389 2900 447 2944 nec
462 2900 593 2959 usquam
608 2883 763 2945 confertos
779 2897 835 2944 eos
848 2881 949 2943 hostis
964 2880 1092 2943 circum·

119 2962 202 3025 renit
230 2973 331 3027 tamen
352 2967 393 3027 ad
414 2967 578 3028 duodecim
597 2965 680 3027 milia
700 2972 772 3028 sunt
788 2981 895 3040 caesa,
916 2972 1007 3041 capta
1021 2968 1091 3041 plus

117 3045 250 3126 quinque
261 3051 344 3111 milia
355 3051 520 3125 bominum,
536 3051 607 3127 equi
619 3049 843 3127 quadringenti,
855 3050 944 3125 signa
954 3049 1094 3110 militaria

116 3135 270 3208 sexaginta
290 3135 362 3196 duo.
396 3137 449 3211 qui
471 3134 565 3212 palati
578 3151 597 3195 e
611 3137 685 3210 iuga
705 3136 828 3195 domum
844 3149 879 3195 se
893 3134 1091 3211 recipiebant,

115 3210 236 3279 alterum
257 3234 366 3294 agmen
382 3219 600 3280 Celtiberorum
614 3218 799 3280 venientium
814 3218 1000 3279 deditionem
1014 3217 1093 3278 Con·

115 3296 223 3390 trebiae
238 3308 268 3362 et
282 3320 371 3364 suam
386 3304 503 3364 cladem
519 3304 671 3364 narrando
686 3309 870 3364 averterunt.
891 3301 1046 3373 extemplo
1060 3298 1091 3357 in

115 3389 196 3443 meos
211 3389 400 3463 castellaque
415 3403 472 3448 sua
487 3403 593 3447 omnes
609 3387 731 3464 dilapsi.
753 3387 883 3448 Flaccus
898 3401 917 3444 a
932 3379 1091 3443 Contrebia

118 3467 265 3530 Proiectus
287 3486 343 3546 per
358 3471 547 3532 Celtiberiam
568 3471 808 3547 populabundus
832 3468 916 3529 ducit
934 3464 1090 3539 legionem

154 3561 344 3614 burvrrsas
358 3556 397 3613 V.
866 3559 883 3611 6
