2642 4017
214 238 278 302 200
374 237 490 300 LIBER
500 238 602 298 xtill.
623 237 707 299 cAP.
723 245 766 301 rs.
779 247 822 300 14.
845 245 881 312 [a.
894 244 967 297 rae.
980 245 1043 312 eet]

215 409 277 468 quo
295 396 385 466 pacto
401 389 545 464 antiquus
558 388 592 449 m
605 388 740 463 animus,
763 396 793 449 et
813 389 963 464 quaedam
978 388 1086 471 religio
1100 399 1194 467 tenet,

215 490 295 552 quae
315 474 356 534 iili
377 471 607 551 prudentissimi
629 472 685 532 vlri
705 472 828 548 publice
850 471 1049 548 suscipienda
1064 490 1194 536 censue

211 561 280 631 rint,
295 573 333 618 ea
347 573 404 633 pro
418 555 519 631 dignis
533 556 655 630 habere,
672 556 795 632 quaein
811 571 898 616 meos
913 558 1040 619 annales
1051 559 1193 619 referam.

213 641 352 718 Anagnia
372 641 433 702 duo
454 639 596 716 prodigia
617 654 655 698 eo
677 655 757 699 anno
777 646 848 700 sunt
868 641 1018 715 nuntiata,
1042 642 1141 701 lacem
1162 643 1193 703 iu

213 729 299 796 caelo
321 730 534 801 conspectam,
559 730 589 783 et
608 722 719 784 bovem
741 722 886 783 feminam
910 724 1042 785 locutam
1067 726 1192 800 publice

159 836 161 843 v
212 811 262 872 ali.
282 809 444 870 Minturnis
461 822 586 884 queque
600 816 656 882 per
671 821 727 879 eos
742 806 811 866 dies
826 807 902 889 caeli
917 808 1052 869 ardentis
1066 810 1192 883 species

213 895 388 959 admiserat.
416 892 513 952 Reate
532 888 619 950 imbri
638 890 796 965 lapidavit.
829 889 931 951 comis
946 892 976 951 in
992 906 1063 952 arce
1077 894 1192 967 Apollo

211 978 342 1038 triduum
363 989 400 1034 ac
420 981 483 1034 tres
504 981 612 1034 noctes
633 974 810 1033 lacrimavit.
832 973 863 1033 in
885 975 961 1033 urbe
975 975 1114 1035 Romana
1129 976 1192 1035 duo

212 1056 326 1121 aeditui
336 1056 518 1131 nuntiarunt,
533 1058 609 1117 alter
619 1057 650 1116 in
661 1058 739 1118 aede
749 1056 903 1118 Fortunae
915 1073 1045 1133 anguem
1056 1058 1191 1120 iubatum

212 1160 231 1204 a
256 1138 463 1216 compluribus
488 1140 588 1200 visum
614 1155 702 1214 esse,
734 1143 809 1201 alter
834 1139 864 1200 in
890 1141 968 1201 aede
991 1141 1191 1217 Primigeniae

211 1227 371 1298 Fortunae,
387 1224 508 1300 quaein
520 1225 598 1285 colle
609 1232 671 1298 est,
682 1224 744 1285 duo
757 1224 882 1284 diversa
893 1223 1043 1300 prodigia,
1058 1227 1190 1301 palmam

211 1312 241 1372 in
257 1325 330 1370 area
350 1315 485 1380 enatam,
507 1314 537 1368 ct
556 1308 708 1383 sanguine
728 1308 860 1369 interdiu
879 1309 1028 1383 pluvisse.
1051 1309 1113 1370 duo
1129 1318 1190 1369 non

211 1399 359 1469 suscepta
371 1391 512 1469 prodigia
525 1399 606 1464 sunt,
626 1393 763 1466 alterum,
785 1393 869 1467 quod
883 1391 914 1451 in
929 1393 1047 1468 privato
1062 1394 1132 1454 loco
1147 1394 1161 1451 i
1180 1425 1192 1435 ·

145 1519 150 1529 ·
212 1485 292 1540 otum
314 1485 464 1552 esset-
483 1477 615 1551 palmam
637 1482 758 1536 emaum
778 1476 808 1534 in
829 1475 976 1550 impluvio
991 1491 1049 1539 suo
1063 1477 1096 1536 F.
1112 1476 1191 1536 Mar-

212 1560 409 1635 clusFigulus
421 1558 578 1621 nuntiabat
586 1592 639 1634 —,
651 1559 788 1633 alterum,
802 1556 885 1633 quod
896 1560 1004 1620 inlooo
1011 1561 1191 1635 peregrinos
1221 1634 1228 1643 ·

211 1644 357 1718 Fregellis
375 1643 405 1703 in
421 1644 513 1704 domo
527 1644 561 1704 L.
572 1641 658 1703 Atrei
672 1642 770 1717 hasta,
788 1657 878 1718 quarn
893 1643 956 1704 illio
971 1643 1056 1703 militi
1067 1651 1188 1719 emerat,

212 1726 343 1788 interdiu
363 1728 432 1801 plus
454 1728 532 1787 duas
552 1726 646 1786 horas
660 1727 792 1799 arsisse,
813 1726 855 1786 ita
869 1733 903 1786 ut
916 1727 990 1786 nihil
1004 1726 1071 1788 eius
1086 1728 1189 1787 ambu-

211 1817 292 1871 reret
305 1807 394 1884 ignis,
410 1810 576 1877 dicebatur.
592 1809 784 1884 publicorum
796 1810 1007 1885 prodigiorum
1018 1825 1112 1871 causa
1123 1810 1191 1873 libri
1311 1844 1312 1849 κ

211 1912 231 1955 a
245 1893 427 1971 decemviris
442 1894 529 1954 aditi:
558 1894 760 1970 quadraginta
774 1894 939 1954 maioribus
954 1892 1064 1955 hostiis
1080 1895 1191 1970 quibus
1312 1968 1314 1979 κ

213 1978 271 2039 diis
299 1979 443 2040 consules
469 1978 680 2039 sacrificarent
703 1977 877 2053 ediderunt,
903 1985 933 2039 et
952 1984 986 2039 ut
1006 1978 1192 2054 supplicatio

211 2063 308 2138 beret,
324 2063 488 2138 cunctique
502 2062 697 2136 magistratus
713 2060 795 2120 circa
809 2061 912 2122 omnia
924 2060 1094 2137 pulvinaria
1105 2060 1193 2122 victi·-

212 2147 270 2207 mis
284 2146 452 2208 maioribus
467 2144 685 2219 sacrificarent,
706 2145 905 2221 populusque
919 2152 1083 2208 coronatus
1098 2151 1192 2206 esset.

214 2230 325 2304 omnia,
340 2230 383 2291 uti
398 2230 564 2291 decemviri
578 2228 762 2305 praeierunt,
776 2229 867 2290 iacta.

296 2314 375 2381 XlV.
392 2312 703 2375 Censoribusdeinde
715 2312 856 2373 creandis
867 2313 988 2374 comitia
999 2312 1100 2373 edicta
1110 2318 1192 2372 sunt.
1312 2278 1314 2321 ³

211 2398 365 2473 petierunt
386 2411 548 2456 censuram
565 2396 721 2470 principes
742 2395 888 2469 civitatis,
911 2396 942 2457 G.
956 2397 1099 2457 Valerius
1114 2395 1192 2455 Lac·

210 2482 302 2541 vinus
316 2481 348 2540 P.
363 2476 537 2538 Postumius
551 2476 682 2538 Albinus
695 2478 727 2536 Ρ.
738 2476 859 2540 Mucius
872 2472 1023 2542 Scaevola
1032 2479 1074 2541 M.
1086 2478 1192 2540 lunius

211 2563 324 2623 Brutus
352 2562 382 2621 0.
407 2559 551 2620 claudius
576 2559 706 2620 Pulcher
724 2561 768 2620 Ti.
795 2559 997 2641 Sempronius
1023 2562 1192 2624 Gracchus.

212 2645 271 2706 hos
293 2645 372 2704 duos
388 2658 536 2704 censores
553 2643 668 2704 creavit
684 2646 819 2719 populus
839 2646 1008 2708 Romanus.
1032 2661 1101 2707 cum
1116 2644 1191 2705 dile·

213 2735 281 2789 ctus
305 2726 439 2787 habendi
462 2727 561 2789 maior
592 2743 683 2802 quarn
708 2728 784 2789 alias
808 2737 935 2806 propter
958 2729 1192 2792 Macedonicum

89 2810 91 2812 ’
212 2811 325 2872 bellurn
340 2826 414 2872 cura
427 2818 526 2888 esset,
548 2814 692 2874 consides
712 2813 834 2888 plebem
849 2815 932 2889 apud
948 2821 1087 2875 senatum
1100 2827 1192 2873 accu-

213 2895 333 2969 sabant,
364 2897 448 2971 quod
473 2902 503 2956 et
526 2896 661 2957 iuniores
687 2913 748 2956 non
772 2897 1007 2973 responderent.
1039 2897 1191 2957 adversus

215 2994 294 3054 quos
309 2978 341 3039 0.
353 2978 508 3056 Sulpicius
523 2985 554 3040 et
563 2981 603 3040 ll.
618 2981 762 3041 claudius
774 2989 934 3055 praetores
943 2980 1050 3056 plebis
1065 2995 1192 3041 causam

178 3070 181 3075 ’
213 3070 351 3137 egerunt.
376 3080 437 3125 non
460 3063 654 3136 consulibus,
677 3064 734 3124 sed
754 3062 924 3125 ambitiosis
945 3062 1125 3125 consulibus
1146 3063 1192 3123 di·

214 3148 325 3224 lectum
346 3145 510 3207 difficilem·
523 3162 610 3209 esse:
639 3147 791 3208 nerninem
809 3146 936 3210 invitum
955 3148 1080 3208 militem
1100 3146 1192 3206 abiis

213 3230 290 3290 beri.
312 3230 344 3291 id
357 3236 391 3290 ut
399 3229 447 3290 ita
461 3245 533 3291 esse
547 3232 660 3290 scirent
674 3238 705 3292 et
715 3237 819 3306 patres
831 3229 1007 3307 conscripti,
1021 3228 1191 3307 praetores,
1244 3276 1250 3285 .

215 3313 328 3390 quibus
343 3321 373 3375 et
387 3313 434 3391 vis
449 3310 567 3388 imperii
581 3313 680 3373 minor
695 3322 725 3374 et
738 3314 904 3375 auctoritas
919 3322 1017 3388 esset,
1039 3315 1192 3388 dilectum,

214 3397 241 3456 si
255 3397 297 3457 ita
312 3395 432 3458 senatui
445 3395 614 3468 videretur,
636 3397 827 3469 perrecturos
842 3413 923 3458 esso.
953 3397 986 3457 id
999 3397 1192 3471 praetoribus

214 3494 323 3554 magna
344 3491 462 3557 potrum
478 3477 511 3516 **
526 3494 592 3543 non,
603 3478 670 3538 sine
685 3479 876 3553 sugillatione
891 3479 1052 3541 consulum
1066 3479 1189 3539 manda·
