2642 4017
241 297 360 358 LIBER
373 296 505 358 xxxix.
527 295 610 357 cAP.
627 303 727 356 nam.
748 301 785 369 [a
798 302 831 353 c.
844 300 905 368 ras]
1021 295 1060 360 21

82 465 178 511 novae
197 458 297 525 atque
316 448 454 510 insuetae
473 447 620 510 libertatis
640 446 715 508 vitio
736 448 938 510 seditionibus
953 450 1063 526 prinei·

80 550 149 609 pum
169 533 326 607 turbatas,
347 531 485 608 partibus
506 546 585 607 quae
599 531 769 593 domestico
785 533 949 593 certamine
961 535 1064 596 vince

81 626 182 678 rentur
195 615 397 691 adiungendo
412 629 484 675 sese
498 614 589 691 oepit
617 614 724 677 XXIV.
744 613 793 676 bis
809 616 919 677 sedata
931 617 961 677 in
976 634 1064 693 prae·

79 703 173 762 sentia
185 700 273 775 regis
289 699 336 759 ira
351 700 382 760 in
395 698 552 759 Romanos
566 705 623 759 est
651 715 817 774 numquam
834 707 935 760 tamen
949 701 1065 763 remisit

80 786 208 847 animum
221 801 243 844 a
257 781 443 857 colligendis
456 782 487 842 in
502 797 580 858 pace
594 781 727 858 viribus,
749 782 862 857 quibus
877 784 1066 860 quandoque

79 867 145 929 data
158 870 287 930 lortuua
299 873 384 927 esset
393 866 435 927 ad
443 865 557 926 bellum
566 873 711 927 uteretur.
734 866 894 942 vectigalia
903 868 990 943 regni
1003 885 1077 948 non,

78 950 222 1013 imatibus
249 959 370 1012 tantum
394 964 538 1025 agrorum
564 950 771 1026 portoriisque
794 951 952 1011 maritimis
972 953 1063 1013 auxit

79 1036 130 1095 sed
153 1034 280 1096 metalla
306 1034 396 1093 etiam
416 1041 448 1093 et
466 1040 570 1094 vetera
590 1033 764 1094 intermissa
785 1036 914 1095 recoluit
933 1042 964 1095 et
983 1051 1065 1096 nova

78 1119 172 1180 multis
195 1116 280 1180 loeis
301 1115 439 1178 instituit.
467 1124 590 1177 atvero
605 1115 760 1193 anhquam
774 1118 994 1179 multitudinem
1009 1118 1064 1181 ho·

77 1201 200 1276 minum,
224 1216 310 1277 quae
323 1200 395 1261 belli
410 1199 549 1260 cladibus
563 1200 678 1261 ambsa
692 1207 782 1274 erat,
793 1202 980 1276 restitueret,
1002 1219 1064 1264 non

78 1285 214 1347 subolem
242 1291 362 1346 tantum
382 1283 487 1359 stirpis
508 1283 637 1359 parabat
657 1284 805 1359 cogendis
827 1283 970 1346 omnibus
991 1302 1063 1361 pro·

78 1383 176 1430 creare
192 1376 290 1443 atque
306 1368 438 1429 educare
449 1367 572 1440 liberos,
589 1367 646 1428 sed
655 1366 806 1428 Thracum
819 1368 909 1429 etiam
922 1383 1064 1443 magnam

77 1453 298 1513 multitudinem
320 1452 349 1510 in
362 1450 575 1511 Macedoniam
596 1451 786 1524 traduxerat,
810 1451 996 1527 quietusque
1010 1453 1063 1512 ali·

79 1536 220 1608 quamdiu
234 1552 255 1596 a
270 1535 360 1596 bellis
378 1536 460 1595 omni
475 1550 548 1596 eura
562 1534 592 1594 in
604 1535 763 1609 augendas
777 1536 863 1610 regni
875 1549 954 1609 opes
966 1534 1063 1595 inten-

78 1623 124 1678 tus
144 1621 254 1683 luerat.
283 1618 404 1680 rediere
426 1618 537 1679 deinde
552 1632 681 1691 causae,
704 1632 785 1693 quae
800 1618 840 1679 de
853 1618 971 1693 integro
986 1617 1062 1682 iram

78 1709 232 1764 moverent
242 1705 274 1763 in
283 1704 452 1764 Romanos.
468 1701 687 1763 Thessalorum
699 1700 976 1763 etPerrhacborum
988 1718 1063 1779 que·

78 1785 165 1847 ratlac
185 1788 230 1848 de
240 1785 372 1848 urbibus
387 1787 454 1846 suis
467 1785 506 1845 ab
521 1802 559 1846 eo
580 1784 756 1860 possessis,
774 1792 806 1845 et
818 1787 991 1861 legatorum
1004 1786 1064 1848 Eu·

79 1870 170 1931 menis
190 1871 277 1946 regis
297 1869 337 1929 de
349 1869 485 1930 Thraciis
500 1866 625 1945 oppidis
640 1866 772 1942 pervim
787 1869 945 1944 occupatis
960 1870 1064 1930 tradu-

80 1958 183 2028 ctaque
203 1954 235 2014 in
252 1951 467 2014 Macedoniam
486 1951 693 2024 multitudine,
713 1949 757 2012 ita
770 1952 894 2012 auditae
908 1960 1009 2024 eraut,
1031 1960 1065 2013 ut

81 2048 129 2095 eas
140 2053 201 2098 non
213 2036 339 2113 neglegi
350 2038 425 2099 satis
439 2034 610 2114 appareret.
634 2034 765 2096 mammo
775 2041 915 2096 moverat
923 2042 1065 2096 senatum

83 2120 157 2190 quod
176 2119 238 2182 iam
257 2120 335 2180 Aeni
356 2128 387 2181 ot
400 2119 565 2180 Maroneae
585 2119 731 2180 adfectari
754 2118 990 2194 possessionem
1011 2135 1063 2180 au·

82 2199 204 2274 demna
228 2204 334 2265 minus
351 2204 517 2265 Thessalos
538 2203 694 2264 curabant
726 2203 915 2264 Athamanes
937 2219 1064 2279 quoque

81 2297 223 2352 venerunt
237 2288 346 2362 legati,
362 2303 425 2348 non
440 2286 535 2362 partis
551 2287 700 2362 amissae,
714 2302 776 2346 non
791 2287 898 2347 linium
912 2286 1061 2347 iacturam

83 2379 258 2445 querentes,
280 2371 337 2433 sad
358 2378 452 2431 totam
471 2369 685 2431 Athamaniam
705 2369 764 2431 sub
784 2369 833 2430 ius
854 2368 1065 2444 indiciumque

83 2452 157 2525 regis
169 2455 312 2525 venisse;
328 2461 359 2515 et
369 2451 586 2514 Maronitarum
598 2454 725 2514 exsules
737 2487 778 2496 -
790 2460 877 2513 erant
887 2451 980 2527 pulsi,
993 2451 1065 2527 quia

83 2532 221 2600 libertatis
245 2553 370 2599 causam
391 2536 605 2598 defendissent
625 2537 665 2598 ab
688 2537 774 2613 regio
796 2533 1064 2612 praesidio-211

84 2630 139 2678 non
151 2620 331 2683 Maroneam
351 2620 444 2681 modo
464 2618 626 2681 sedetiam
639 2621 761 2680 Aenum
774 2619 805 2679 in
819 2627 972 2696 potestate
987 2636 1063 2680 nun·

85 2698 191 2766 tiabunt
204 2720 280 2766 esse
290 2702 432 2779 Philippi.
453 2711 601 2765 venerant
615 2711 645 2764 et
654 2720 674 2763 a
684 2703 824 2779 Philippo
838 2705 929 2778 legati
942 2704 981 2764 ad
992 2720 1064 2779 pur·

86 2787 179 2855 ganda
198 2805 252 2864 ea,
276 2788 327 2864 qui
346 2788 420 2848 nihil
440 2787 499 2848 nisi
513 2785 667 2862 permissu
681 2788 887 2849 Romanorum
901 2788 1064 2862 imparato·

86 2879 144 2927 rum
166 2873 280 2934 lactum
305 2872 521 2932 adfirmabana
552 2869 690 2931 civitates
710 2870 927 2931 Thessalorum
945 2878 975 2931 et
993 2870 1064 2930 Per·

87 2948 263 3018 tiraeborum
284 2962 314 3017 et
328 2956 503 3031 Magnetum
518 2960 548 3016 et
561 2953 630 3014 dum
644 2953 846 3032 Amynandro
860 2954 1065 3014 Athamanum

89 3042 199 3103 gentem
221 3039 251 3100 in
272 3040 380 3100 eadem
407 3054 504 3102 causa
528 3053 590 3113 qua
609 3038 739 3099 Aetolos
765 3036 876 3109 luisse;
910 3037 1064 3099 Antiocho

88 3129 154 3192 lege
163 3123 254 3197 pulso
267 3129 452 3198 occupatum
463 3121 680 3198 oppugnandis
692 3118 840 3182 Aetolicis
851 3120 979 3181 urbibus
991 3137 1063 3181 eon·

91 3201 178 3266 sulem
204 3207 245 3268 ad
268 3205 464 3282 recipiendos
490 3222 545 3267 eas
570 3205 709 3266 civitates
730 3202 903 3279 Philippum
924 3203 1064 3273 misisse;

91 3289 172 3349 armis
187 3291 334 3352 subactos
350 3305 469 3366 parere.
491 3297 671 3350 senatusue
687 3288 760 3363 quid
775 3288 902 3350 absente
915 3303 989 3364 rege
1003 3295 1063 3349 sta·

92 3369 191 3446 tuerat,
213 3375 332 3449 legatos
355 3375 395 3435 ad
415 3389 470 3435 eas
492 3373 720 3434 controversias
742 3371 963 3447 disceptandas
983 3369 1066 3429 misit

94 3446 121 3520 0-
135 3452 292 3519 caeciliam
312 3457 467 3519 Metellum
486 3456 526 3516 M.
541 3456 689 3518 Baebium
707 3455 898 3530 Tamphilum
917 3454 961 3513 Ti.
976 3451 1063 3512 Sem·
1110 3453 1114 3464 '

94 3539 229 3604 bronium.
265 3558 394 3618 quorum
420 3542 477 3601 sub
503 3541 665 3602 adventum
691 3539 731 3599 ad
749 3538 927 3598 Thessalica
950 3533 1065 3610 Tempe
