2642 4017
208 272 270 336 ΠΟ
296 272 412 333 LIBER
425 271 499 331 xil.
524 270 606 330 cAP.
623 277 666 333 19.
677 279 722 331 to.
744 276 782 343 [a.
795 275 829 328 U.
841 293 867 327 c.
878 276 940 334 cll.
960 294 986 329 a.
998 277 1031 329 C.
1044 279 1106 345 175]

169 468 177 485 .
205 430 362 499 faverant,
383 424 440 483 sed
458 421 618 497 graviores
637 421 705 480 fieri
724 421 754 479 in
777 421 845 480 dies
859 429 1019 483 cernerent
1038 423 1188 485 subnixos

205 509 356 569 Thracum
377 506 551 567 accolarum
565 511 596 565 et
609 503 844 565 Scordiscorum
858 505 995 579 auxiliis,
1012 507 1188 568 audendum

205 591 322 668 aliquid
333 592 383 650 vel
394 597 508 650 oemere
518 588 585 662 rati,
593 602 701 648 omnes
712 587 850 663 undique
859 589 966 648 armati
977 589 1018 649 ad
1027 589 1187 665 oppidum,

206 676 292 753 quod
315 673 488 750 proximum
513 671 622 732 eastris
645 671 862 731 Bastarnarum
887 681 965 745 erat,
992 673 1188 735 conveniunt

205 759 303 820 hiena
316 765 391 830 erat,
406 763 438 816 ct
450 757 483 817 id
496 754 568 816 anni
583 762 705 829 tempus
720 756 883 829 elegerant,
902 764 934 816 ut
946 755 1080 816 Thraces
1095 755 1188 819 Scor·

205 842 347 918 discique
360 840 391 900 in
408 840 488 901 fines
502 855 578 901 suos
593 838 720 898 abirent
743 839 828 914 quod
841 837 894 899 ubi
908 839 951 899 ita
963 840 1076 900 factum
1090 848 1122 901 et
1135 858 1187 902 so

205 927 253 987 los
275 926 335 987 iam
356 939 429 984 csse
441 924 609 984 Bastarnas
629 922 805 996 audierunt,
827 921 966 982 bifariam
981 923 1121 986 dividunt
1134 941 1187 986 co-

204 1007 290 1087 pias,
306 1023 381 1084 pars
397 1014 429 1068 ut
442 1015 528 1068 recto
541 1007 649 1067 itinere
661 1006 703 1066 ud
714 1005 929 1067 lacessendum
943 1022 983 1066 ex
996 1015 1104 1082 aperto
1119 1008 1186 1083 iret,

205 1108 280 1169 pars
299 1090 390 1153 devio
411 1092 491 1152 saltu
511 1089 719 1151 circumducta
732 1089 772 1149 ab
786 1096 873 1164 tergo
887 1091 1115 1165 adgrederetur.
1137 1105 1186 1152 ce

204 1186 302 1239 terum
323 1174 504 1251 priusquam
525 1173 685 1236 circumire
699 1180 801 1233 castra
814 1172 947 1235 bostium
962 1182 1107 1251 possent,
1129 1193 1185 1251 pu-

204 1267 330 1336 gnatum
354 1266 418 1329 est;
450 1258 583 1334 victique
607 1256 742 1318 Dardani
767 1258 989 1333 compelluntur
1012 1261 1044 1320 in
1069 1259 1185 1334 urbem,

205 1359 285 1420 quae
305 1345 370 1404 fere
386 1342 549 1404 duodecim
562 1340 645 1402 milia
659 1342 699 1402 ab
715 1342 824 1402 castris
837 1343 1055 1403 Bastarnarum
1069 1345 1185 1405 aberat.

203 1428 337 1490 victores
358 1427 519 1489 confestim
541 1425 760 1487 circumsidunt
781 1425 901 1498 urbem,
924 1426 1112 1488 hauddubie
1128 1443 1185 1503 po·

204 1520 287 1573 storo
308 1511 358 1572 die
379 1520 431 1572 aut
451 1517 533 1571 metu
550 1508 699 1570 dedituris
713 1523 749 1569 se
762 1508 903 1570 hostibus
917 1518 970 1571 aut
983 1511 1014 1570 vi
1027 1526 1183 1586 expugna-

201 1596 269 1658 turi.
289 1594 408 1657 interim
418 1595 630 1656 Dardanorum
644 1595 740 1655 altera
752 1608 871 1666 manus,
887 1608 967 1668 quae
981 1594 1187 1656 circumducta

206 1688 280 1750 erat
295 1679 403 1753 ignara
418 1679 515 1739 cladis
530 1693 666 1752 suorum,
683 1683 783 1737 eastra
792 1677 1009 1738 Bastarnarum
1019 1679 1086 1738 sine
1096 1693 1184 1753 prae«

203 1762 283 1824 sidio
297 1762 404 1823 relicta

203 1929 267 1990 XX.
289 1945 374 1991 more
396 1928 473 1991 sella
494 1929 630 1991 eburnea
643 1930 747 2003 posita
760 1929 808 1989 ius
823 1929 958 2003 dicebat,
980 1928 1184 2003 disceptabat·

203 2029 264 2090 que
285 2013 512 2076 controversias
532 2013 723 2073 minimarum
736 2027 847 2072 rerum.
879 2009 1021 2084 adeoque
1035 2009 1110 2071 nulli
1124 2013 1184 2072 for·

203 2108 295 2165 tunae
314 2097 502 2160 adhaerebat
523 2098 642 2157 animus
657 2111 714 2170 per
728 2096 829 2157 omnia
843 2108 958 2170 genera
971 2093 1052 2153 vitae
1066 2109 1184 2171 errans,

202 2182 244 2242 uti
259 2197 316 2242 nec
331 2182 390 2243 sibi
404 2196 462 2242 nec
476 2179 553 2256 aliis,
570 2181 695 2257 quinam
709 2181 800 2242 homo
815 2186 914 2251 esset,
929 2174 1004 2238 satis
1019 2185 1185 2240 constaret

202 2280 263 2325 non
279 2265 405 2341 adloqui
421 2265 553 2340 amicos,
569 2266 621 2326 vix
634 2264 716 2326 notis
731 2263 916 2324 familiariter
929 2261 1074 2335 arridere,
1088 2263 1186 2324 muni·

201 2348 324 2410 licentia
338 2348 492 2424 inaequali
502 2365 575 2410 sese
589 2350 732 2424 aliosque
745 2346 911 2411 ludificari=
934 2345 1119 2422 quibusdam
1129 2346 1184 2408 ho

200 2432 316 2493 noratis
331 2447 505 2508 magnoque
518 2432 750 2494 aestimantibus
765 2448 800 2492 se
815 2429 958 2507 puerilia,
980 2438 1013 2492 ut
1027 2445 1120 2492 escae
1132 2436 1186 2492 aut

200 2517 303 2588 lusus,
325 2529 452 2574 munera
473 2513 562 2588 dare,
581 2516 660 2576 alios
681 2514 755 2574 nihii
770 2521 985 2590 exspectantes
1001 2514 1107 2576 ditare.
1129 2514 1184 2574 ita-

200 2612 261 2672 que
276 2594 397 2655 nescire
412 2596 487 2672 quid
502 2595 561 2657 sibi
576 2599 667 2657 vellet
681 2596 865 2672 quibusdam
878 2597 984 2670 videri,
1001 2598 1124 2672 quidam
1138 2599 1185 2658 lu·

200 2679 274 2739 dere
289 2692 360 2738 eum
372 2678 559 2754 simpliciter,
573 2679 699 2755 quidam
708 2680 791 2741 haud
804 2679 897 2742 dubie
906 2681 1040 2741 insanire
1052 2679 1184 2741 aiebant

199 2762 229 2822 in
248 2760 369 2821 duabus
390 2768 492 2822 tamen
511 2763 631 2838 magnis
651 2762 852 2840 honestisque
872 2765 965 2826 rebus
985 2779 1059 2824 vere
1078 2764 1184 2839 regius

199 2850 265 2903 erat
277 2841 407 2919 animus,
420 2842 452 2904 in
466 2845 586 2907 urbium
600 2847 691 2910 donis
705 2855 736 2909 et
750 2849 877 2910 deorum
892 2849 984 2909 cultu.
1004 2847 1182 2923 Megalopo

198 2923 301 2986 titanis
316 2925 346 2984 in
361 2927 496 2989 Arcadia
509 2947 628 2992 murum
647 2948 683 2993 se
704 2933 960 2994 circumdaturum
973 2930 1041 2991 urbi
1054 2937 1103 2991 est
1116 2931 1183 3006 pol-

198 3007 307 3080 licitus,
322 3008 531 3088 maioremque
547 3023 664 3091 partem
678 3018 829 3092 pecuniae
843 3016 942 3085 dedit;
964 3015 1084 3089 Tegeae
1098 3014 1183 3075 thea-

197 3098 276 3152 trum
300 3092 495 3164 magnificum
512 3111 531 3156 e
550 3114 702 3160 marmore
726 3101 830 3161 facere
853 3099 992 3168 instituit3
1026 3097 1131 3176 Cyzici
1150 3100 1183 3159 iu

196 3174 382 3252 Prytaneum
391 3177 480 3234 -id
495 3187 542 3239 est
555 3185 712 3256 penetrale
726 3183 827 3256 urbis,
850 3182 902 3243 ubi
915 3181 1046 3259 publice,
1069 3182 1183 3256 quibus

196 3257 223 3318 is
237 3255 337 3317 honos
353 3255 443 3316 datus
455 3266 511 3333 est,
527 3273 694 3329 vescuntur
704 3298 748 3312 -
758 3283 836 3328 vasa
848 3281 945 3327 aurea
954 3281 1080 3327 mensae
1089 3266 1182 3327 unius

196 3337 309 3416 posuit.
331 3337 460 3399 Rhodiis
476 3349 510 3401 ut
523 3343 596 3404 nihil
610 3365 703 3411 unum
719 3351 856 3428 insigne,
877 3349 918 3411 ita
933 3350 1032 3411 omnis
1047 3350 1182 3427 generis,

196 3430 229 3483 ui
243 3436 385 3498 quaeque
405 3437 483 3484 usus
504 3440 611 3489 eorum
634 3437 883 3508 postulaverunt,
905 3434 987 3495 dona
1002 3434 1095 3494 dedit.
1117 3450 1181 3493 ma-

195 3506 388 3579 gnificentiae
404 3520 477 3566 vero
492 3507 523 3569 in
538 3510 615 3573 deos
632 3519 680 3577 vel
690 3519 773 3579 lovis
786 3517 919 3598 Olympii
929 3519 1072 3592 templum
1084 3516 1180 3577 Athe

1317 2438 1320 2541 l
