2642 4017
247 273 291 339 72
422 272 538 333 LIBER
551 272 613 332 XL.
637 272 719 332 cni).
732 281 775 334 21.
788 281 831 334 22.
855 280 891 347 [a.
906 279 939 331 U.
952 297 976 333 c.
989 280 1052 348 571]

234 445 313 500 ¹rum
333 427 363 486 in
384 427 482 486 aleam
502 423 569 485 eius
590 424 643 499 qui
663 431 888 500 proponeretur
908 440 1018 496 casum
1037 433 1067 487 et
1081 425 1226 503 quoniam

244 510 391 573 maiorem
405 510 500 570 filium
515 523 621 568 secum
636 508 771 582 duceret,
787 508 935 569 minorem
949 508 989 569 ad
1004 507 1145 571 subsidia
1158 512 1226 588 spel

244 602 276 657 et
289 594 460 656 custodiam
474 592 560 667 regni
573 593 774 652 remissurum
789 592 820 652 iu
834 592 1045 653 Macedoniam
1060 609 1142 655 esse.
1164 612 1227 657 non

244 678 367 740 fallebat
380 674 565 738 Demetrium
579 675 715 750 ablegari
729 691 779 750 se,
794 692 834 737 ne
848 676 975 737 adesset
989 676 1135 751 consilio,
1158 695 1227 740 cum

243 762 274 823 iu
289 767 459 837 conspectu
478 762 618 821 locorum
640 760 863 836 consultarent,
885 775 947 834 qua
960 761 1102 836 proxime
1117 760 1228 823 itinera

243 847 283 906 od
311 861 395 905 mare
414 841 622 905 Hadriaticum
646 851 740 919 atque
760 843 876 904 ltaliam
895 844 1058 919 ducerent,
1086 861 1229 922 quaeque
1312 890 1313 893 ,

243 929 314 989 belli
334 926 411 989 ratio
433 932 517 988 esset
538 927 648 987 lutura.
678 928 816 987 sednon
837 927 939 989 solum
957 930 1129 1004 parendum
1148 931 1226 1005 patri

246 1013 364 1091 [tutum]
383 1011 547 1072 sedetiam
568 1009 805 1072 adsentiendum
820 1018 899 1085 erat,
920 1026 960 1071 ne
976 1010 1103 1074 invitum
1118 1028 1227 1089 parere

243 1094 453 1170 suspicionem
473 1096 598 1155 iaceret.
628 1103 663 1155 ut
681 1101 781 1155 tumen
802 1096 859 1156 iter
878 1094 908 1156 ei
925 1101 1021 1158 tutum
1036 1096 1067 1156 in
1081 1096 1226 1159 Macedo-

243 1178 325 1239 niam
335 1184 429 1252 esset,
443 1178 539 1238 Didas
550 1194 591 1238 ex
600 1178 794 1253 praetoribus
805 1179 897 1254 regiis
909 1196 999 1253 unus,
1012 1180 1064 1256 qui
1074 1180 1228 1243 Paeoniae

243 1268 393 1338 praeerat,
408 1262 513 1323 iussus
529 1269 578 1322 est
592 1262 742 1337 prosequi
757 1279 827 1323 eum
842 1278 911 1322 cum
923 1264 1044 1323 modico
1057 1264 1227 1339 praesidio,

242 1346 325 1407 huuc
346 1361 472 1422 quoque
485 1344 633 1419 Perseus,
655 1344 737 1407 sicut
754 1348 922 1421 plerosque
937 1346 1034 1422 patris
1049 1349 1226 1424 amicorum,

243 1446 283 1492 ex
298 1446 361 1505 quo
375 1429 459 1491 haud
474 1428 599 1488 dubium
614 1428 757 1504 cuiquam
768 1445 841 1491 esse
857 1439 1012 1506 coeperat,
1029 1432 1172 1507 adquam
1186 1433 1227 1493 ita

241 1513 386 1575 inclinato
414 1513 498 1588 regis
524 1512 625 1573 animo
651 1512 807 1575 hereditas
831 1514 918 1588 regui
943 1515 1123 1590 pertineret,
1149 1515 1228 1578 iuter

244 1597 420 1659 coniuratos
440 1597 472 1657 iu
486 1594 589 1657 fratris
609 1597 775 1672 perniciem
796 1597 911 1659 habuit
940 1597 971 1658 in
987 1599 1162 1674 praeseutia
1176 1601 1228 1661 dat

243 1680 272 1741 ei
286 1682 437 1755 mandata,
452 1687 486 1741 ut
499 1696 555 1756 per
569 1696 660 1741 omne
672 1681 854 1757 obsequium
868 1680 1035 1744 insinuaret
1045 1699 1081 1744 se
1092 1682 1123 1743 in
1136 1700 1226 1759 quam

244 1765 377 1824 maxime
391 1764 569 1825 familiarem
583 1781 683 1839 usum,
699 1773 733 1825 ut
746 1764 858 1826 elicere
873 1766 974 1825 omnia
987 1782 1101 1826 arcana
1115 1782 1224 1843 specu-

242 1846 362 1923 torique
386 1847 507 1910 abditos
532 1848 598 1909 eius
623 1865 736 1910 sensus
763 1857 879 1924 posset.
911 1848 953 1910 ita
977 1851 1146 1924 digreditur
1168 1852 1226 1912 De

242 1931 368 1993 metrius
383 1948 453 1992 curn
468 1932 677 1993 infestioribus
692 1949 784 2008 quam
799 1934 826 1993 si
841 1933 928 1995 solus
942 1933 1000 1994 iret
1013 1933 1188 2008 praesidiis.

326 2016 417 2077 XXII.
437 2015 598 2091 Philippus
612 2016 782 2076 Maedicam
795 2015 941 2092 primum,
964 2017 1078 2078 deinde
1090 2018 1227 2079 solitudi-

243 2116 300 2160 nes
328 2099 543 2159 intcriacentes
567 2096 727 2159 Maedicae
752 2105 844 2175 atque
867 2100 984 2163 Haemo
1013 2109 1227 2177 transgressus

243 2183 383 2257 septimis
406 2183 527 2243 demum
548 2182 656 2242 castris
678 2181 718 2241 ad
732 2182 855 2242 radices
877 2183 990 2245 montis
1005 2186 1154 2260 pervenit.
1186 2185 1228 2248 ibi

243 2283 338 2328 unum
360 2273 495 2339 moratus
519 2264 599 2327 diem
619 2267 658 2327 ud
673 2265 855 2339 deligendos
875 2284 955 2342 quos
969 2269 1097 2331 duceret
1110 2286 1226 2344 secum,

242 2350 331 2413 tertio
348 2351 399 2413 die
411 2352 469 2412 iter
483 2359 531 2412 est
543 2351 714 2425 ingressus.
740 2350 881 2412 modicus
895 2351 994 2427 primo
1008 2353 1098 2414 labor
1111 2351 1142 2413 in
1157 2353 1227 2414 imis

243 2436 372 2498 collibus
382 2434 446 2496 luit.
469 2433 656 2507 quantumin
667 2433 856 2495 altitudinem
868 2436 1114 2512 egrediebantur,
1128 2436 1228 2513 magis

242 2521 404 2594 magisque
428 2516 582 2577 silvestria
602 2523 633 2576 et
652 2518 800 2594 pleraque
825 2518 907 2581 invia
927 2520 997 2581 loca
1017 2519 1227 2596 excipiebantr

242 2616 414 2677 pervenere
435 2599 547 2660 deinde
567 2600 598 2659 in
618 2606 681 2660 tam
702 2617 834 2676 opacum
848 2604 920 2679 iter,
940 2610 974 2666 ut
989 2620 1063 2679 prae
1078 2605 1229 2666 densitate

243 2685 387 2745 arborum
408 2683 677 2760 immissorumque
697 2685 824 2747 aliorum
844 2687 875 2747 in
890 2687 968 2750 alios
987 2704 1142 2749 ramorum
1158 2705 1228 2763 per·

243 2767 321 2844 spici
343 2769 461 2827 caelum
480 2767 533 2827 vix
548 2776 665 2843 posset.
693 2775 728 2830 ut
742 2785 815 2832 vero
829 2771 910 2846 iugis
925 2770 1228 2848 appropinquabant,

244 2852 328 2927 quod
340 2866 443 2911 rarum
457 2851 488 2910 in
502 2853 571 2912 altis
585 2853 662 2914 locis
678 2859 734 2927 est,
749 2854 828 2916 adeo
841 2856 943 2917 omnia
954 2862 1093 2917 contecta
1103 2856 1227 2932 nebula,

241 2941 275 2995 ut
287 2934 370 2995 haud
386 2945 479 2997 secus
495 2953 587 3012 quam
602 2944 752 2999 nocturno
766 2938 873 3000 itinere
887 2940 1115 3014 impedirentur.
1137 2938 1227 3001 tertio

243 3018 364 3079 demum
385 3019 435 3081 die
460 3020 499 3080 ad
519 3022 664 3082 verticem
685 3028 874 3096 perventum.
908 3021 982 3083 nihil
1002 3026 1145 3100 vulgatae
1161 3024 1227 3099 opl-

242 3101 327 3162 uioni
341 3104 483 3179 degressi
496 3103 569 3165 inde
584 3106 796 3181 detraxerunt,
811 3107 910 3182 magis
925 3107 1034 3179 credo,
1051 3125 1091 3170 ne
1104 3109 1227 3168 vanitas

241 3183 357 3248 itineris
379 3188 509 3250 ludibrio
525 3196 624 3262 esset,
646 3206 739 3266 quam
754 3192 839 3265 quod
853 3191 976 3252 diversa
989 3188 1067 3252 inter
1081 3208 1117 3253 se
1131 3192 1229 3253 maria
1312 3194 1313 3197 ’

242 3277 425 3348 montesque
446 3278 477 3333 et
496 3288 602 3334 amnes
618 3289 659 3332 ex
670 3290 732 3335 uno
748 3274 817 3336 loco
833 3274 974 3350 conspici
986 3277 1151 3350 potuerint.
1173 3292 1227 3335 ve-

241 3354 305 3414 xati
321 3371 436 3430 omnes,
452 3363 566 3418 etanta
581 3355 814 3434 aliosrexipse,
832 3375 894 3434 quo
907 3359 1141 3433 gravioraetote
1152 3368 1228 3434 crat,

242 3438 419 3503 difficultate
437 3441 507 3501 viae
527 3446 584 3501 est.
618 3440 739 3502 duobus
760 3441 821 3504 aris
836 3443 878 3503 ibi
892 3442 1002 3503 Ioviet
1017 3442 1081 3504 Soli
1097 3443 1228 3505 sacratis

242 3536 311 3584 cum
325 3524 522 3601 immolasset,
538 3540 600 3602 qua
612 3524 715 3586 triduo
728 3527 919 3601 ascenderat,
934 3525 1028 3588 biduo
1041 3537 1089 3589 est
1100 3529 1222 3603 degree
