2642 4017
262 278 455 339 ΕΡΙΤΟΜΑΕ
470 279 672 340 LIBRORUM
685 280 986 341 LXle—LXXIX.
1050 280 1113 343 309

134 431 249 471 victoriam
264 428 347 469 liumae
365 428 493 481 praetextae
512 431 535 470 et
551 429 596 469 alla
609 431 778 482 magistratuum
794 432 888 484 insignia
903 435 992 485 sumpta
1006 438 1065 476 sunt.
1086 436 1111 477 C.

134 486 219 527 Marius
238 494 286 523 cum
300 483 381 524 Marsis
400 482 467 523 dublo
487 486 568 523 eventu
589 485 702 536 pugnavit.
724 483 822 525 libertini
843 489 887 526 tum
907 487 999 538 primum
1017 488 1113 529 militare

134 539 264 591 coeperunt.
278 538 304 576 A.
313 536 402 577 Plotius
415 537 501 589 legatus
509 536 610 586 Umbros,
624 538 649 579 L.
657 538 749 580 Porcius
760 543 850 591 praetor
863 538 978 590 Etruscus,
994 552 1042 581 cum
1053 543 1111 582 uter-

134 604 179 645 que
194 591 293 644 populns
307 589 439 642 defecisset,
455 590 541 644 proelio
556 592 664 633 vicerunt.
683 591 816 634 Nicomedes
831 594 852 633 ln
868 591 995 646 Bithyniae,
1011 595 1111 635 Ariobar-

133 657 202 688 saues
221 646 243 685 ln
258 643 414 697 cappadociae
432 655 524 696 reguum
542 644 628 685 reducti
648 647 708 687 suut.
729 645 768 687 Cn.
791 646 910 699 Pompeius
929 646 1006 688 consui
1025 648 1112 689 ltiarsoa

134 703 182 742 acie
200 698 264 739 siclt.
286 709 335 738 cum
349 709 401 738 aere
420 698 493 739 alieno
512 709 620 751 oppressa
639 702 700 741 esset
714 700 806 748 civitas,
826 703 853 742 A.
868 699 920 742 Sem
937 701 1014 743 ronlus
1027 701 1113 743 Asellio

134 757 229 809 praetor,
244 752 347 805 quoniam
360 750 481 794 secundum
495 751 608 793 debitores
621 752 656 794 lua
670 752 766 802 dicebat,
781 754 808 794 ab
823 756 852 797 lls
866 755 904 805 qui
919 712 1075 795 generabantur
1089 754 1111 795 ln

133 809 182 850 luru
203 808 294 900 occisuts¹
312 809 355 898 epi.
374 809 489 859 praeterea
509 806 646 848 incursiones
660 804 768 848 Thracum
782 809 804 849 ln
818 808 971 850 Macedonian
986 808 1110 862 populatio·

261 871 274 899 n
296 871 340 899 ne.

132 872 273 957 amaa.
293 915 319 954 A.
334 913 461 955 Postumius
476 913 569 955 Albinus
588 912 675 964 legatus
694 913 755 967 [cum
775 915 843 957 claasl
862 914 1002 1009 praeesset&
1023 914 1112 957 infamis

132 970 224 1010 crimine
238 966 372 1021 proditionis
386 967 413 1007 ab
428 968 528 1008 exercitu
541 977 582 1009 suo
596 966 728 1010 interiectus
741 973 785 1011 est.
800 969 826 1010 l..
841 967 959 1011 Cornelius
992 968 1038 1010 ulla
1052 969 1110 1020 lega·

132 1027 171 1064 tus
186 1021 298 1063 Samnites
311 1019 397 1074 proelio
412 1021 478 1070 rlclt,
499 1023 521 1062 et
535 1020 587 1059 hina
601 1023 675 1062 cestra
690 1032 764 1063 eorum
779 1023 922 1075 expugnavit.
936 1023 977 1065 cn.
992 1022 1111 1074 Pompeius

133 1076 238 1117 Vestinus
251 1077 273 1114 in
288 1072 422 1115 deditionem
436 1076 530 1127 accepit.
551 1076 576 1115 L.
591 1073 684 1117 Porcius
700 1077 777 1118 consui
792 1076 859 1119 rebus
873 1086 981 1130 prospere
993 1077 1063 1127 gestis
1078 1075 1110 1115 lu-

133 1131 213 1181 sisqua
225 1128 345 1180 aliquoties
358 1128 446 1177 Marsis,
462 1127 512 1169 dum
528 1131 602 1169 castra
616 1139 691 1170 eorum
706 1133 827 1183 expugnet,
842 1131 935 1171 cecldlta
950 1142 976 1171 ea
990 1140 1026 1170 res
1041 1128 1101 1170 hosti

134 1185 176 1224 bus
190 1183 302 1223 victoriam
317 1182 365 1223 eiua
380 1182 458 1234 proelii
474 1182 546 1225 dedit.
566 1181 690 1225 Cosconius
705 1189 727 1224 et
741 1185 849 1226 Lucceius
863 1184 976 1225 Samnites
990 1185 1037 1225 acle
1051 1185 1110 1223 vice-

132 1240 195 1285 runt,
211 1236 305 1277 Marium
320 1235 446 1289 Egnatium,
461 1237 621 1278 nobilissimum
636 1235 733 1279 hostium
748 1238 838 1288 ducem,
853 1239 995 1285 occiderunt,
1012 1239 1110 1289 complu-

132 1301 203 1342 raque
221 1300 296 1330 eurum
316 1288 397 1342 oppida
417 1289 439 1329 iu
459 1289 595 1331 deditionem
606 1295 747 1344 acceperunt.
769 1294 795 1335 L.
815 1292 881 1334 Sulla
899 1292 1005 1344 Hirpinos
1019 1290 1110 1339 domuit,

133 1344 245 1386 Samnites
259 1343 360 1395 pluribus
379 1342 472 1396 proeliis
490 1342 562 1396 fudit,
583 1344 671 1396 aliquot
685 1345 782 1398 populos
795 1348 892 1397 recepit,
912 1345 1046 1397 quantisque
1060 1354 1110 1384 raro

132 1400 250 1450 quisquam
264 1397 322 1439 allus
336 1400 387 1437 ante
401 1396 540 1439 consulatum
556 1397 622 1439 rebus
636 1400 719 1450 gestis,
735 1399 764 1439 ad
779 1399 909 1452 petitionem
923 1396 1054 1439 consulatus
1067 1398 1110 1439 liu-

131 1463 190 1493 mam
204 1454 239 1492 est
252 1451 373 1502 proiectus.

186 1503 282 1545 LXXVl.
300 1507 327 1545 A.
347 1503 454 1546 Gabinius
471 1505 559 1557 legatus
577 1506 643 1545 rebus
662 1503 773 1546 adversus
792 1504 893 1545 Lucanos
911 1513 1017 1556 prospere
1032 1503 1108 1555 gestis,

132 1562 155 1600 et
175 1558 275 1610 piurimis
298 1558 387 1611 oppidis
404 1560 551 1611 expugnatis,
573 1560 595 1598 ln
615 1557 731 1599 obsidione
750 1560 872 1600 castrorum
892 1556 1008 1599 hostilium
1022 1555 1104 1598 cecldlt

131 1612 247 1664 Sulpicius
265 1611 352 1663 legatus
366 1611 504 1653 Marrucinos
523 1611 617 1661 cecidit,
638 1614 751 1663 totamque
771 1623 818 1652 eam
833 1612 943 1664 regionem
958 1611 1050 1664 recepit.
1068 1609 1110 1652 Cn.

131 1666 253 1719 Pompeius
264 1666 385 1717 proconsul
394 1666 496 1707 Vestinus
507 1669 529 1705 et
537 1664 641 1718 Pelignus
653 1665 675 1705 ln
684 1665 818 1706 deditionem
825 1665 919 1717 accepit.
935 1665 1004 1707 Marsi
1013 1674 1109 1718 quoque,

132 1722 183 1762 aL.
192 1721 291 1769 Murena,
307 1722 329 1760 et
341 1719 439 1760 Caecilio
450 1720 490 1760 Plu
506 1720 586 1771 legatis
600 1718 687 1770 aliquot
700 1718 795 1772 proellis
809 1719 881 1769 lrectl,
896 1719 1010 1772 petierunt
1024 1729 1109 1771 pacem.

131 1774 238 1817 Asculum
251 1783 264 1813 a
279 1772 320 1813 en.
335 1773 441 1826 Pompeio
456 1776 544 1827 captum
559 1775 605 1822 est,
621 1776 694 1815 caesis
709 1777 731 1814 et
745 1784 758 1814 a
772 1773 839 1814 Mam.
854 1771 948 1815 Aemillo
963 1774 1036 1826 legato
1051 1771 1109 1813 itall-

132 1830 173 1872 cls.
183 1828 232 1870 Silo
240 1825 389 1878 Pumpaedlus
400 1826 445 1867 dux
453 1828 584 1878 Marsorum,
599 1829 677 1867 auctor
690 1828 738 1869 eius
752 1828 793 1877 rei,
808 1829 829 1868 ln
845 1828 931 1879 proelio
942 1827 1031 1869 cecidit.
1047 1826 1109 1867 Arlu-

132 1882 238 1923 barsaues
253 1880 420 1933 Cappadociae,
439 1880 573 1923 Nicomedes
588 1880 706 1933 Bithyniae
725 1892 792 1934 regno
807 1892 820 1922 a
834 1879 964 1924 Mithridate
978 1880 1044 1922 Ponti
1059 1889 1110 1930 rega

132 1936 191 1989 pulsi
210 1937 270 1977 suni.
290 1937 405 1987 praeterea
426 1936 565 1977 incursiones
578 1934 686 1976 Thracum
705 1936 728 1977 in
742 1935 894 1978 Macedoniam
909 1935 1110 1989 populationesque

132 1991 237 2031 continet.

184 2041 291 2084 LXXVll.
306 2044 360 2085 Cum
374 2043 400 2083 P.
414 2042 530 2096 Sulpicius
544 2042 735 2095 tribunusplebis
749 2045 839 2084 auctore
851 2042 877 2088 G.
889 2042 961 2084 Mario
975 2040 1110 2093 perniciosas

131 2098 193 2148 leges
211 2096 386 2148 promulgasset,
408 2098 434 2136 ut
455 2096 547 2138 exsules
566 2099 724 2138 revocarentur
743 2099 765 2137 et
785 2098 836 2136 novi
851 2099 911 2137 cives
930 2094 1075 2145 libertinique
1088 2093 1110 2131 in

132 2152 204 2191 tribus
223 2149 422 2200 distribuerentur,
442 2153 466 2191 et
479 2152 505 2190 nt
524 2150 548 2191 c.
565 2151 649 2191 Mariua
668 2152 777 2192 adversus
791 2148 942 2192 Mithridatem
958 2148 1023 2189 Ponti
1037 2157 1110 2198 regem

132 2203 178 2243 dux
193 2204 312 2253 crearetur,
327 2206 349 2243 et
362 2204 533 2246 adversantibus
547 2202 677 2247 consulibus
691 2205 720 2249 o.
733 2205 840 2257 Pompelo
855 2208 878 2245 et
889 2205 915 2246 L.
928 2201 1006 2243 Sullae
1020 2202 1065 2241 vim
1078 2201 1110 2240 lu·

131 2257 237 2305 tulisset,
258 2258 332 2298 occiso
347 2257 376 2301 11.
390 2258 496 2310 Pompeio
516 2257 615 2300 consulis
629 2258 685 2308 filiu,
707 2270 788 2310 genero
803 2256 893 2308 Sullae,
912 2257 938 2299 L.
954 2253 1019 2297 Sulla
1033 2253 1111 2295 consul

131 2322 180 2352 cum
195 2310 296 2349 exercitu
310 2312 331 2350 ln
346 2312 421 2352 urbem
436 2311 506 2361 venit,
521 2315 544 2351 et
557 2312 666 2355 adversus
678 2311 795 2354 factionem
807 2310 902 2365 Sulpicii
914 2313 937 2351 et
949 2308 1014 2350 Marii
1027 2309 1048 2349 lu
1061 2308 1110 2360 lpsa

132 2364 307 2416 urbepugnavlt,
323 2376 415 2417 eamque
428 2365 526 2418 expulitt
541 2377 570 2406 ex
582 2376 626 2417 qua
638 2365 754 2406 duodecim
767 2378 780 2407 a
792 2369 870 2409 senatu
884 2363 969 2413 hostes,
983 2363 1041 2403 inter
1054 2371 1110 2414 quus

131 2422 157 2463 c.
172 2420 257 2460 Marius
271 2422 335 2470 pater
349 2422 372 2459 et
385 2418 457 2468 filius,
476 2418 567 2459 iudicati
585 2422 645 2461 sunt.
664 2420 692 2461 P.
706 2418 821 2473 Sulpicius
841 2431 889 2460 cum
909 2421 931 2460 iu
946 2414 1040 2469 quadam
1055 2414 1110 2455 vilia

131 2475 224 2523 lateret,
243 2472 325 2513 indicio
340 2474 399 2515 servi
414 2474 448 2516 sui
463 2476 575 2516 retractus
593 2477 616 2514 et
629 2474 717 2516 occisus
731 2477 773 2515 est.
794 2484 874 2516 servus
887 2474 913 2513 nt
926 2472 1045 2525 praemium
1060 2480 1110 2523 pru·

132 2528 221 2569 missum
240 2526 308 2568 indici
328 2526 433 2578 haberet,
455 2528 616 2577 manumissus,
637 2529 661 2569 et
680 2529 708 2568 ub
728 2528 802 2570 scelus
816 2527 901 2580 proditi
916 2525 998 2566 domini
1013 2525 1041 2565 de
1056 2533 1111 2565 saxu

131 2581 232 2622 deiectus
251 2584 294 2623 est.
317 2581 342 2624 c.
357 2582 442 2624 Marius
460 2581 522 2623 filius
541 2583 562 2622 in
577 2581 674 2623 Airicam
689 2581 783 2623 traiecit.
805 2583 831 2625 C.
847 2580 931 2623 Marius
946 2581 1010 2633 pater
1025 2589 1073 2617 cum
1087 2576 1110 2616 ¹¹¹

130 2634 251 2687 paludibus
263 2635 448 2679 Minturnensium
462 2636 549 2686 lateret,
563 2639 679 2678 extractus
693 2640 729 2679 est
742 2636 769 2676 ab
785 2635 916 2689 oppidanlas
930 2637 954 2675 et
968 2644 1017 2674 cum
1028 2632 1110 2673 missua

131 2687 159 2729 ad
174 2687 317 2729 occidendum
331 2702 381 2731 euru
395 2701 474 2731 servus
507 2692 596 2731 natione
611 2688 703 2741 Gallus,
718 2691 836 2732 maiestate
851 2690 906 2730 tanti
921 2688 963 2729 riri
978 2699 1006 2739 pe
1030 2686 1110 2726 errltua

131 2742 276 2790 recessisset,
290 2743 409 2795 impositus
423 2720 514 2796 publice
528 2747 550 2785 ln
565 2746 638 2784 navim
653 2743 742 2786 delatus
756 2747 790 2785 est
804 2745 827 2783 in
842 2742 945 2785 Airlcam.
961 2743 986 2782 L.
1019 2739 1065 2781 uila
1080 2739 1109 2778 ci-

131 2793 210 2834 vitatis
223 2797 305 2835 statum
319 2795 442 2845 ordinarit,
463 2796 544 2837 exinde
559 2796 657 2839 colonias
672 2797 772 2838 deduxit·
794 2798 823 2841 Q.
836 2797 957 2849 Pompeius
971 2794 1061 2843 consul,
1080 2791 1109 2833 ad

131 2846 283 2899 accipiendum
305 2860 318 2887 a
332 2848 372 2889 Cn.
388 2849 492 2901 Pompeio
511 2849 645 2902 proconsule
665 2852 787 2891 exercitum
806 2851 933 2904 proiectus,
953 2848 1046 2891 consiliu
1061 2847 1109 2887 eius

130 2901 220 2942 occisus
231 2903 275 2942 est.
290 2901 440 2951 Mithridates,
455 2902 519 2944 Ponti
532 2913 580 2953 rex,
595 2902 700 2952 Bithynia
709 2906 732 2944 et
740 2902 1004 2956 cappadociauccnpetis
1013 2899 1109 2953 etpulsu

130 2953 230 3047 Aquill¹lo
244 2954 318 3006 legato
332 2954 462 3008 Phrygiam,
480 2957 616 3009 provinciam
635 2957 713 3009 pupuli
726 2957 831 3006 Romani,
849 2968 898 2997 cum
912 2955 995 3008 ingenti
1010 2955 1108 2995 exercitu

131 3011 231 3051 intrant.

182 3059 301 3104 Lxxvru.
320 3060 464 3104 Mithridates
480 3063 553 3105 Asiam
567 3065 698 3117 occupavit3
718 3063 745 3108 11.
762 3063 859 3116 upplun
874 3060 1040 3117 proconsulem,
1056 3063 1107 3101 item

129 3116 252 3169 Aquilllum
266 3115 370 3169 legatum,
385 3118 406 3156 in
421 3116 509 3157 vincula
523 3118 630 3167 coniecit,
645 3118 752 3169 iussuque
768 3118 829 3165 elus,
845 3116 954 3170 quidquid
969 3117 1050 3157 civium
1064 3114 1107 3155 Ro·

128 3180 242 3212 manorum
257 3171 279 3211 in
293 3171 347 3212 Asia
361 3171 403 3211 luit
417 3182 461 3211 uno
476 3170 512 3212 dle
526 3171 660 3213 trucidatum
675 3174 718 3213 est.
733 3172 808 3212 urbem
822 3170 936 3221 ilbodum,
951 3181 1009 3222 quae
1023 3169 1071 3212 sola
1085 3168 1107 3206 in

129 3225 172 3267 tide
186 3228 349 3277 permanserat,
369 3225 518 3278 oppugnavit,
538 3228 560 3266 et
577 3224 665 3278 aliquot
679 3224 773 3279 proeliis
787 3226 904 3268 navalibus
919 3226 992 3267 victus
1006 3223 1106 3264 recessit.

128 3277 250 3320 Archelaus
270 3279 395 3331 praelectus
414 3281 474 3331 regis
493 3280 515 3320 ln
530 3279 644 3321 Graeclam
659 3291 708 3322 eum
723 3281 822 3322 exercitu
837 3281 911 3331 venit,
930 3278 1029 3321 Athenas
1044 3285 1097 3315 occu

129 3333 198 3385 pavit.
222 3337 336 3385 praeterea
357 3333 529 3385 trepidationem
548 3334 634 3375 urbium
648 3333 828 3386 insularumque,
848 3334 899 3375 allis
913 3332 941 3373 ad
955 3330 1109 3374 Mithridatem

128 3386 178 3428 allis
192 3385 221 3426 ad
236 3388 342 3439 populum
356 3387 479 3429 Romanum
494 3388 597 3430 civitates
611 3399 664 3431 suaa
678 3386 823 3438 trahentibus,
839 3389 944 3430 continet.

182 3439 279 3483 Lxxlx.
299 3442 325 3482 L.
341 3440 459 3483 Cornelius
473 3442 543 3484 cluna
558 3453 607 3483 cum
622 3443 760 3494 perniciosas
775 3443 837 3495 leges
851 3453 891 3495 per
905 3440 949 3480 vim
965 3438 1043 3485 terret,
1058 3437 1106 3489 pul·

128 3503 168 3534 sus
183 3493 237 3533 urbe
251 3505 263 3534 a
278 3493 318 3535 Cn.
334 3494 428 3535 Octavio
444 3495 531 3548 collega
545 3507 594 3537 cnm
608 3508 650 3538 sex
667 3497 762 3539 tribunis
777 3496 863 3549 plebis,
883 3493 1020 3546 imperioque
1035 3492 1055 3530 el
1070 3493 1098 3532 ab

127 3549 213 3597 rogato,
229 3550 356 3601 corruptum
370 3550 412 3602 Ap.
427 3549 513 3590 Claudii
528 3551 649 3592 exercitum
664 3552 686 3590 ln
701 3553 836 3603 potestatem
851 3559 913 3591 suam
926 3545 1012 3598 redegit
1026 3549 1048 3586 et
1062 3544 1098 3586 bel
