2642 4017
312 245 442 306 ·LIBER
456 247 545 307 XLV.
568 246 650 307 CAP.
661 257 689 307 4.
702 256 727 305 5.
751 253 787 319 [a.
803 252 835 304 C.
848 254 909 319 168]
1038 245 1100 311 257

115 411 282 479 postquam
296 415 399 474 regem
412 401 523 461 Persea
537 399 656 460 consuli
664 398 759 459 Paulo
773 400 901 459 salutern
914 400 995 475 legit,
1010 401 1099 461 mise·

114 485 263 547 rationem
277 499 398 545 omnem
406 483 531 544 stultitia
542 479 712 557 ignorantis
719 483 872 543 fortunam
883 498 970 542 suam
978 484 1099 545 exemit.

114 570 218 645 itaque
232 583 418 642 quamquam
430 567 460 625 in
467 566 585 640 reliqua
593 574 679 642 parte
686 566 852 626 litterarum
860 564 983 625 minime
996 567 1100 641 regiae

115 667 225 728 preces
239 657 333 729 erant,
346 658 447 710 tamen
461 649 808 725 sineresponsoacsine
819 649 925 710 litteris
936 663 976 708 ea
987 650 1099 725 legatio

114 736 305 795 dimissaest.
325 729 1047 793 sensitPerseuscuiusnominisoblivisccndum
1055 734 1098 792 vi-

115 826 164 879 cto
178 824 281 879 esset:
296 817 399 892 itaque
413 817 527 876 alterae
539 817 657 877 litterae
669 831 737 875 cum
754 815 1002 891 privatinonrinis
1011 817 1097 877 titulo

112 904 228 962 missae
241 909 271 962 et
283 901 399 977 petiere
412 906 442 960 et
448 901 659 975 impetravere,
673 906 707 959 ut
718 898 810 974 aliqui
818 899 858 959 ad
870 914 939 959 eum
946 900 1097 960 mitteren-

112 994 170 1059 tur,
184 1001 254 1045 cum
269 983 380 1059 quibus
394 983 480 1059 loqui
493 984 532 1043 de
544 990 626 1044 statu
638 989 668 1042 et
681 981 945 1043 condicionesuae
958 983 1098 1043 fortunae

113 1075 231 1144 posset
249 1066 481 1128 missisunttres
490 1067 588 1141 legati,
596 1066 628 1125 P.
635 1064 1098 1128 LentulusA.PostumiusAlhi·

113 1169 173 1212 nus
180 1153 218 1211 A.
225 1151 386 1212 Antonius.
401 1150 475 1210 nihil
488 1166 525 1209 ea
532 1150 684 1225 legatione
689 1150 859 1225 perlectum
867 1157 915 1210 est
924 1148 1038 1210 Perseo
1049 1164 1098 1208 re·

113 1236 196 1310 glum
208 1249 319 1295 nomen
334 1235 415 1294 omni
425 1235 456 1293 vi
463 1234 674 1315 amplectente,
687 1232 864 1295 Pauloutse
871 1248 990 1309 suaque
997 1233 1096 1294 omnia

112 1318 143 1379 in
157 1318 251 1379 fidem
266 1325 296 1378 et
303 1317 933 1393 clementiampopuliRomaniperntitteret
943 1316 1096 1376 tendente.

193 1403 232 1461 V.
254 1402 332 1461 Dum
347 1401 425 1461 haec
439 1407 576 1475 aguntur,
587 1400 704 1461 classis
720 1400 772 1460 On.
788 1399 905 1459 Octavii
921 1397 1096 1459 Samothra·

114 1501 182 1545 cam
203 1490 252 1545 est
272 1486 414 1561 appulsa.
449 1486 475 1544 is
497 1498 623 1558 quoque
644 1481 800 1558 praesenti
828 1483 951 1542 admoto
981 1489 1098 1541 terrore

111 1568 205 1628 modo
221 1567 311 1627 minis
325 1568 418 1628 modo
433 1582 494 1642 spe
507 1568 671 1641 perlicere,
691 1573 726 1625 ut
740 1581 775 1626 se
789 1566 938 1639 traderet,
960 1580 1029 1625 cum
1045 1580 1095 1625 co-

112 1659 251 1726 naretur,
276 1650 393 1712 adiuvit
413 1650 442 1709 in
464 1650 524 1710 hoc
545 1665 615 1710 eum
628 1665 681 1709 res
696 1665 753 1709 seu
767 1665 844 1710 casu
865 1654 1021 1709 contracta
1041 1664 1096 1709 seu

113 1736 253 1796 consilio.
287 1737 319 1795 L.
336 1735 448 1794 Atilius
462 1732 589 1795 illustris
610 1734 795 1794 adolescens
816 1748 885 1793 cum
909 1733 939 1792 in
955 1733 1097 1794 contione
1119 1766 1132 1779 ›

112 1834 185 1878 esse
198 1821 348 1895 populum
369 1817 600 1878 Samothracum
617 1817 750 1877 animum
770 1817 969 1892 advertisset,
991 1833 1009 1876 a
1034 1833 1096 1876 ma·

111 1901 288 1976 gistratibus
311 1902 408 1977 petiit,
431 1908 465 1962 ut
478 1901 537 1961 sibi
552 1902 659 1977 paucis
683 1901 870 1977 adloquendi
888 1900 994 1976 populi
1011 1908 1096 1974 pote-

111 1992 219 2047 statem
236 1987 380 2047 lacerent.
415 1985 583 2061 permisso,
603 1991 731 2059 „utrum
746 2000 813 2056 nos,
833 1984 973 2059 hospites
989 1982 1096 2042 Sarno·

111 2069 242 2143 thraces,
259 2085 332 2129 vere
347 2071 522 2145 accepimus
538 2086 576 2128 an
591 2070 680 2143 falso,
697 2084 816 2129 sacram
830 2066 910 2126 hanc
925 2066 1055 2125 insulam
1067 2073 1095 2127 et

112 2154 235 2227 augusti
255 2159 349 2215 totam
370 2160 462 2228 atque
482 2152 618 2212 inviolati
641 2151 700 2213 soli
723 2153 841 2212 esset“
871 2165 940 2210 cum
962 2147 1096 2208 creditae

112 2237 262 2298 sanctitati
277 2237 503 2298 adsentirentur
517 2251 634 2309 omnes,
649 2251 726 2310 „cur
741 2235 853 2309 igitur‘
867 2233 968 2307 inquit
979 2231 1096 2307 „pollui

111 2334 179 2379 eam
200 2320 354 2381 homicida
375 2318 414 2360 **
436 2317 586 2395 sanguine
608 2319 692 2395 regis
718 2317 865 2378 Eumenis
890 2315 1031 2377 violavita
1066 2324 1097 2375 et

111 2419 181 2463 curn
197 2405 296 2465 omnis
311 2405 460 2481 praelatio
475 2419 635 2465 sacrorum
646 2419 702 2463 eos
719 2402 831 2478 quibus
846 2416 908 2462 non
924 2401 986 2462 sint
999 2415 1097 2474 purae

112 2503 219 2548 manus
241 2488 340 2549 sacris
359 2495 475 2558 arceat,
502 2503 560 2548 vos
584 2487 753 2564 penetralia
772 2493 876 2548 vestra
897 2483 1096 2547 contaminari

111 2577 237 2631 cruento
253 2571 379 2633 latronis
395 2588 526 2649 corpore
540 2573 646 2633 sinetis
652 2577 688 2631 t“
712 2568 825 2634 nobilis
838 2569 919 2630 lama
933 2574 999 2629 erat
1013 2567 1096 2643 apud

111 2669 219 2713 omnes
241 2654 388 2714 Graeciae
408 2657 545 2716 civitates
569 2655 714 2717 Eumenis
739 2655 823 2731 regis
843 2670 900 2731 per
919 2652 1095 2714 Euandrum

114 2733 240 2808 Delphis
265 2751 365 2810 prope
390 2745 565 2811 perpetrata
586 2741 710 2799 caedes.
745 2738 851 2813 itaque
880 2745 1094 2813 praeterquam

114 2817 196 2891 quod
218 2817 249 2876 in
269 2825 421 2893 potestate
435 2822 641 2880 Romanomm
662 2836 734 2881 sese
748 2821 943 2895 insulamque
957 2826 1049 2881 totam
1065 2826 1094 2877 et

112 2901 258 2976 templum
274 2901 440 2961 cernebant
454 2917 539 2976 esse,
560 2919 600 2962 ne
613 2903 762 2964 immerito
779 2904 902 2978 quidem
917 2918 955 2962 ea
969 2903 1027 2964 sibi
1042 2917 1095 2962 ex·

110 2983 251 3062 probrari
271 2985 343 3058 rati,
363 2984 543 3058 Theondan,
567 2985 619 3062 qui
640 3003 778 3047 summus
799 2987 993 3060 magistratus
1012 2985 1093 3063 apud

110 3086 166 3130 eos
182 3076 301 3130 erat-
314 3084 417 3143 regem
438 3069 498 3144 ipsi
519 3071 677 3145 appellant
695 3106 751 3144 --‚
774 3071 813 3130 ad
834 3069 948 3131 Persea
965 3070 1093 3143 mittunt,

111 3154 163 3229 qui
178 3155 331 3214 nuntiaret
344 3155 430 3228 argui
442 3152 547 3214 caedis
561 3154 737 3215 Euandrum
753 3154 937 3229 Cretensem,
954 3171 1025 3218 esse
1041 3170 1095 3215 au-

112 3244 174 3297 tem
191 3235 305 3298 iudicia
320 3239 405 3313 apud
419 3255 491 3300 sese
510 3256 595 3300 more
616 3239 764 3299 maiorum
786 3248 963 3316 comparata
985 3241 1024 3302 de
1044 3237 1092 3308 iis,

110 3321 162 3395 qui
173 3320 308 3383 incestas
319 3338 427 3384 manus
438 3325 577 3385 intulisse
592 3324 670 3383 iutra
681 3323 827 3385 terminos
839 3331 978 3385 sacratos
989 3317 1093 3395 templi
1182 3378 1185 3383 .

110 3404 259 3467 dicantur.
281 3405 307 3466 si
323 3407 494 3468 confideret
507 3408 650 3469 Euander
670 3407 827 3470 innoxium
843 3424 879 3469 se
892 3407 937 3467 rei
953 3402 1091 3479 capitalis

82 3516 83 3519 π
110 3489 204 3562 argui,
218 3489 338 3549 veniret
351 3491 390 3550 ad
406 3508 529 3552 causam
546 3493 722 3553 dicendam:
745 3493 772 3554 si
794 3490 980 3554 committere
996 3503 1031 3548 se
1046 3487 1092 3546 iu-

153 3587 180 3629 r.
195 3587 256 3630 mvr
271 3589 347 3632 rans
361 3576 399 3633 V.
849 3581 882 3632 ll
