2642 4017
255 318 274 381 6
335 315 450 378 LIBER
463 316 594 377 XXXIX.
617 315 701 375 cAP.
715 324 741 378 6.
753 323 779 380 t.
801 322 838 389 [a.
852 321 886 373 U.
898 338 921 373 c.
933 324 994 378 565.
1010 337 1035 372 a.
1047 321 1079 373 0.
1091 322 1153 389 187]

252 486 323 532 rere
337 486 398 530 non
413 467 526 546 potuit,
542 467 574 527 C.
587 466 752 528 Flaminius
766 467 894 528 Romam
909 466 1000 526 venit.
1030 481 1069 525 an
1083 481 1121 526 eo
1137 467 1231 530 creati

253 556 400 615 consules
426 551 479 627 Sp.
501 550 676 613 Postumius
701 551 831 611 Albinus
853 549 886 624 Q.
908 548 1041 610 Marcius
1061 548 1230 626 Philippus.

252 645 412 714 praetores
429 635 501 697 inde
516 634 586 695 lacti
600 636 633 693 T.
644 632 784 694 Maenius
798 633 830 693 P.
843 632 1001 694 cornelius
1017 631 1103 693 Sulla
1118 634 1149 694 c.
1165 633 1231 695 Cal-

252 719 382 797 purnius
402 718 472 780 Piso
492 717 532 777 Μ.
552 717 687 778 Licinius
706 717 852 777 Lucullus
873 717 904 778 c.
919 715 1063 777 Aurelius
1085 715 1231 794 Scaurus,

134 826 138 832 ·
250 806 284 865 L.
301 802 457 878 Quinctius
474 799 641 876 Crispinus.

335 887 479 948 Extremo
494 884 580 958 anni,
602 880 829 959 magistratibus
844 882 904 943 iam
918 882 1045 958 creatis,
1066 884 1231 945 antediem

252 968 372 1031 tertium
392 985 491 1029 nonas
507 968 632 1029 Martias
653 968 706 1027 cn.
727 966 859 1028 Manlius
879 967 979 1028 Vulso
1002 967 1041 1027 de
1063 966 1156 1028 Gallis
1179 968 1231 1044 qui

251 1054 358 1114 Asiam
372 1051 509 1113 incolunt
523 1051 726 1126 triumphavit.
758 1050 858 1111 serius
874 1050 902 1110 ei
917 1050 1121 1126 triumphandi
1136 1066 1230 1112 causa

251 1136 314 1210 luit
332 1151 371 1194 ne
383 1135 566 1210 protentio
579 1135 725 1197 Culleone
740 1140 882 1209 praetore
897 1149 1022 1194 causam
1036 1134 1105 1209 lege
1115 1133 1231 1196 Petillia

251 1219 375 1295 diceret,
391 1225 420 1280 et
433 1218 575 1279 incendio
591 1217 681 1279 alieni
697 1218 809 1292 iudicii,
825 1218 934 1294 quob.
948 1216 1052 1293 Scipio
1069 1218 1230 1279 damnatus

251 1311 324 1377 erat,
341 1301 553 1378 conflagraret,
569 1317 605 1363 eo
621 1300 841 1362 intensioribus
855 1301 886 1361 in
898 1316 934 1361 se
947 1316 1038 1376 quam
1049 1300 1080 1361 in
1092 1302 1175 1361 illum
1186 1302 1230 1362 iu·

251 1385 381 1460 dicibus,
396 1386 480 1462 quod
495 1385 690 1460 disciplinam
703 1385 862 1445 militarem
876 1385 1040 1446 sorarach
1054 1400 1093 1447 eo
1105 1400 1230 1447 conser-

249 1478 350 1530 vatam
372 1483 586 1530 successorem
608 1485 643 1529 se
665 1469 747 1529 omni
766 1483 879 1542 genere
895 1469 1037 1529 licentiae
1051 1468 1230 1544 corrupisse

250 1553 331 1613 lama
344 1554 492 1615 attulerat.
514 1568 616 1626 neque
630 1568 668 1613 ea
679 1553 746 1613 sola
756 1549 899 1613 infamiae
912 1559 1007 1624 erant,
1025 1552 1147 1628 quaein
1158 1567 1231 1627 pro·

248 1636 349 1696 vincia
368 1635 536 1712 proculab
558 1634 655 1697 oculis
677 1638 757 1697 lacta
776 1635 991 1710 narrabantur,
1012 1635 1070 1696 sed
1088 1650 1126 1696 ea
1140 1636 1229 1695 etiam

249 1719 355 1794 magis,
369 1720 488 1795 quaein
500 1719 643 1781 militibus
655 1721 722 1781 eius
736 1718 872 1795 quotidie
882 1717 1119 1794 aspiciebantur.
1142 1720 1228 1779 luxu·

248 1803 312 1862 riae
333 1801 414 1862 enim
434 1804 616 1879 peregrinae
637 1804 723 1880 origo
744 1801 783 1862 ab
802 1802 938 1862 exercitu
950 1801 1089 1862 Asiatico
1108 1801 1229 1863 invecta

247 1886 278 1945 in
293 1885 400 1946 urbem
415 1894 471 1948 est
492 1885 513 1946 ii
529 1887 657 1961 primum
671 1889 768 1948 lectos
782 1892 914 1959 aeratos,
928 1893 1046 1946 vestem
1061 1886 1226 1959 stragulam

247 1969 422 2044 pretiosam,
439 1971 578 2045 plagulas
593 1970 690 2030 atalia
699 1968 823 2043 textilia,
838 1975 870 2029 et
883 1976 1035 2044 quaerum
1046 1967 1227 2042 magnificae
1317 1973 1318 2000 l

247 2053 445 2128 supellectilis
469 2052 676 2125 habebantur,
702 2052 890 2127 monopodia
910 2058 940 2113 et
963 2052 1078 2112 abacos
1098 2052 1227 2112 Romam

247 2135 446 2195 advexerunt.
464 2140 536 2193 tnnc
550 2133 694 2209 psaltriae
710 2134 1004 2211 sambucistriaeque
1014 2143 1045 2195 et
1052 2135 1227 2212 ,conrivalis

248 2215 634 2284 ludionumoblectamenta
645 2218 749 2278 addita
759 2218 874 2293 epulis;
888 2220 998 2293 epulae
1006 2233 1131 2294 quoque
1137 2217 1226 2294 ipsae

248 2306 276 2360 at
292 2317 366 2361 cura
379 2307 410 2362 et
424 2307 548 2377 sumptu
561 2299 678 2361 maiore
691 2300 836 2378 apparari
850 2308 988 2378 coeptae.
1016 2309 1080 2364 tum
1093 2317 1226 2377 coquus,
1313 2301 1314 2320 l

247 2384 424 2446 vilissimum
440 2384 572 2460 antiquis
586 2384 771 2461 mancipium
786 2392 817 2447 et
831 2384 1041 2447 aestimatione
1055 2391 1085 2445 et
1098 2401 1173 2459 usu,
1194 2384 1224 2444 in

246 2468 343 2546 pretio
357 2483 438 2542 esse,
455 2473 485 2528 et
500 2469 583 2543 quod
595 2468 794 2530 ministerium
804 2470 911 2541 luerat,
924 2484 974 2527 ars
986 2467 1092 2529 haberi
1104 2473 1224 2542 coepta

245 2551 296 2610 vix
317 2557 417 2611 tamen
440 2548 491 2610 illa
513 2568 594 2626 quae
615 2559 678 2613 tum
699 2551 982 2629 conspiciebantur,
1004 2551 1122 2613 semina
1139 2557 1225 2612 erant

245 2634 363 2693 tuturae
383 2634 530 2695 luxuriae.
559 2636 625 2695 Vll.
654 2634 685 2696 in
699 2635 852 2711 triumpho
873 2635 940 2696 tulit
954 2634 1006 2694 Cn.
1021 2634 1153 2695 Manlius
1171 2651 1224 2696 co-

243 2731 338 2777 ronas
363 2732 472 2778 aureas
497 2718 628 2780 ducenta
653 2717 957 2795 duodecimpondo,
981 2717 1224 2793 argentipondo

243 2798 374 2861 ducenta
394 2800 499 2875 viginti
517 2800 614 2877 milia,
635 2803 701 2863 auri
722 2802 827 2879 pondo
850 2803 910 2863 duo
925 2800 1007 2862 milia
1022 2807 1143 2862 centum
1156 2801 1222 2875 tria,

242 2884 441 2945 tetrachmum
455 2885 586 2946 Atticum
608 2892 728 2947 centum
746 2883 852 2961 viginti
872 2891 991 2960 septem
1012 2885 1108 2958 milia,
1131 2885 1222 2945 ctsto·
1267 2943 1269 2946 ,

235 2966 374 3041 phorum
396 2966 528 3030 ducenta
549 2969 782 3044 quinquaginta,
811 2968 1039 3044 Philippeorum
1059 2983 1222 3029 aureorum

242 3065 433 3111 nummorum
449 3050 584 3113 sedecim
598 3052 680 3112 milia
694 3059 847 3113 trecentos
861 3052 984 3128 vigintl3
1006 3059 1037 3113 et
1051 3067 1135 3112 anna
1148 3067 1222 3126 spo-

242 3130 344 3209 liaque
370 3136 463 3196 multa
483 3135 598 3196 Gallica
619 3137 773 3211 carpentis
795 3143 944 3209 travecta,
970 3135 1066 3196 duces
1088 3134 1222 3196 hostium

242 3216 303 3277 duo
325 3225 355 3278 et
374 3216 594 3295 quinquaginta
614 3219 696 3281 ducti
717 3226 787 3280 ante
811 3235 942 3280 currum.
978 3218 1124 3279 militibus
1146 3233 1221 3293 qua·

240 3299 393 3374 dragenos
408 3302 498 3363 binos
510 3302 653 3363 denarios
668 3302 779 3378 divisit,
794 3303 909 3377 duplex
924 3302 1110 3373 centurioni,
1125 3308 1156 3362 et
1169 3302 1222 3362 sti·

240 3384 386 3459 pendium
400 3385 513 3461 duplex
529 3386 559 3446 in
571 3386 691 3461 pedites
702 3386 802 3456 dedit;
817 3386 928 3462 triplex
941 3386 971 3446 ln
984 3386 1112 3460 equites.
1137 3383 1221 3445 multi

240 3468 372 3528 omnium
395 3468 535 3530 ordinum
556 3469 660 3531 donati
681 3467 860 3531 militaribus
876 3469 967 3530 donis
985 3484 1107 3530 currum
1123 3465 1220 3529 secuti

239 3560 319 3613 sunt.
347 3554 543 3630 carminaque
560 3570 578 3615 a
592 3553 735 3618 militibus
752 3568 788 3615 ea
802 3553 831 3612 in
847 3554 1062 3629 imperatorem
1076 3552 1171 3621 dicta,
1188 3559 1220 3611 ut
