2642 4017
230 222 272 284 oo
438 221 553 281 utana
567 220 627 280 xn.
650 220 733 280 cnr.
748 226 792 280 n.
816 222 900 297 [su.
913 243 936 277 ο.
949 221 1010 298 aar]

231 373 336 446 disset,
352 370 423 430 inde
434 370 465 429 in
477 378 569 446 portu
578 369 693 430 relictis
706 371 836 431 navibus
849 386 918 431 cum
927 369 1065 431 venisset
1075 371 1219 446 Romam,
1307 410 1308 451 ,

231 464 308 517 mter
327 454 529 530 exponendas
549 469 600 514 res
622 469 700 528 quas
721 454 763 513 ibi
783 454 948 529 gessisset,
969 453 1052 514 baud
1073 454 1217 515 dublein
1307 476 1308 527 l

231 555 335 615 regem
348 538 522 617 lllyriorum
541 537 680 599 Gentium
700 537 849 598 latrocinii
872 538 970 607 otonis
985 536 1125 598 maritimi
1141 554 1218 598 oau-

232 639 298 684 sam
320 622 442 682 avertit=
464 637 502 681 ex
524 637 620 696 regno
641 621 708 681 eius
726 637 833 682 omnes
848 637 944 681 naves
959 636 1044 693 esse,
1069 637 1148 697 quae
1162 638 1217 683 su-

231 707 298 782 peri
308 706 401 766 maris
413 721 498 766 oram
509 705 716 781 depopulatae
726 712 847 775 essent;
870 705 909 765 de
920 704 968 765 his
979 704 1073 767 rebus
1084 721 1119 765 se
1132 707 1217 780 lega-

230 798 279 851 tos
304 789 442 861 misisse,
468 805 526 849 uec
553 788 755 850 conveniendi
780 789 862 864 regis
887 794 1068 863 potestatem
1092 789 1220 849 tactam.

230 881 378 934 venerant
389 874 517 934 Romam
528 873 620 948 legati
630 888 650 932 a
662 874 779 945 Gentio,
797 873 849 948 qui
861 887 923 948 quo
934 878 1073 946 temporo
1083 870 1218 934 Rotnani
1307 938 1308 943 ἵ

232 956 434 1019 conveniendi
452 957 535 1031 regis
557 973 652 1018 causa
673 958 843 1028 venissent,
868 971 992 1031 aegrum
1007 957 1085 1016 sorte
1098 971 1169 1016 eum
1184 955 1216 1017 in
1307 1010 1308 1017 ,

232 1041 343 1102 ultimis
358 1039 497 1115 partibus
513 1041 612 1101 fuisse
623 1041 711 1116 regni
726 1041 876 1101 dicerene
898 1046 1004 1115 petere
1019 1039 1162 1100 Gentium
1175 1038 1216 1098 ab
1307 1060 1308 1063 ¹

231 1131 354 1198 senatu,
369 1139 409 1183 ne
424 1124 585 1186 crederent
599 1124 739 1184 confictis
755 1124 930 1185 criminibus
944 1124 975 1182 in
990 1138 1040 1197 se,
1064 1138 1143 1198 quae
1158 1122 1215 1183 ini-

232 1209 302 1270 mici
323 1206 513 1269 detulissent.
547 1210 587 1269 ad
607 1223 645 1268 ea
665 1207 820 1271 Duronius
840 1205 952 1267 adiecit
970 1207 1072 1268 multis
1094 1206 1216 1268 civibus

231 1291 376 1354 Romanis
398 1299 428 1352 et
447 1291 542 1352 sociis
556 1292 654 1352 Latini
675 1293 808 1352 nominis
821 1291 946 1351 iniurias
961 1291 1057 1351 lactas
1072 1291 1103 1350 in
1117 1306 1216 1366 regno

230 1378 307 1451 eius,
323 1383 353 1437 et
368 1376 452 1436 cives
466 1376 623 1436 Romanos
638 1375 699 1436 dici
714 1376 868 1453 corcyrae
881 1374 1015 1435 retineri.
1036 1390 1092 1435 eos
1105 1389 1213 1435 omnes

231 1461 360 1522 Romam
383 1459 494 1519 adduci
515 1459 642 1534 placuit,
670 1460 701 1519 C.
724 1459 881 1520 Claudium
903 1464 1076 1534 praetorem
1098 1473 1214 1533 cogno·

232 1559 335 1617 scere,
358 1558 459 1618 nequo
480 1549 551 1603 ante
567 1541 675 1604 Gentio
693 1543 759 1618 regi
779 1544 927 1618 legatisve
947 1540 1016 1603 eius
1028 1557 1214 1618 responsum

230 1627 327 1687 reddi.
1307 1666 1308 1675 ,

314 1710 396 1770 Inter
411 1712 526 1771 multos
536 1710 623 1783 alios,
641 1727 720 1786 quos
737 1712 910 1785 pestilentia
923 1711 992 1771 eius
1006 1711 1077 1771 anni
1091 1710 1213 1771 absum-
1307 1714 1308 1717 ’

231 1795 302 1870 psit,
318 1793 497 1854 sacerdotes
513 1809 638 1870 quoque
655 1795 773 1871 aliquot
786 1794 896 1856 mortui
911 1802 991 1856 sunt
1023 1794 1215 1854 hildierius

230 1877 360 1938 Flaccus
376 1878 514 1951 pontifex
528 1885 667 1940 mortuus
683 1885 744 1940 esta
768 1877 798 1938 in
811 1880 877 1940 eius
892 1880 995 1939 locum
1005 1878 1154 1939 suffectus
1168 1883 1215 1937 est

232 1961 265 2035 Q.
280 1961 394 2022 Fabius
413 1961 527 2023 Labeo.
552 1962 585 2021 P.
599 1962 746 2034 Manlius,
770 1963 822 2037 qui
839 1979 938 2038 nuper
952 1978 991 2022 ex
1006 1960 1214 2023 ulteriore'Hi·

232 2046 342 2120 spania
355 2046 497 2119 redierat,
512 2045 649 2106 triumvir
661 2047 770 2120 epulo=
793 2045 825 2119 Q.
838 2047 963 2107 Fulvius
974 2045 1014 2105 M.
1026 2045 1059 2108 F.
1072 2045 1213 2106 inlocum

232 2130 299 2189 eius
323 2129 459 2190 triumvir
479 2135 657 2204 cooptatus,
679 2135 742 2189 tum
762 2138 970 2204 praetextatus
986 2137 1059 2190 erat.
1089 2129 1128 2190 de
1139 2122 1214 2204 'rege
1283 2153 1308 2209 ¹,

232 2212 373 2273 sacrifico
388 2213 572 2274 sufficiendo
587 2212 617 2273 in
633 2215 734 2273 locum
746 2211 798 2272 Cn,
812 2212 943 2274 cornelii
953 2213 1130 2274 Dolabellae
1142 2228 1213 2274 con·

231 2295 326 2357 tentio
346 2297 425 2358 inter
446 2297 477 2357 C.
499 2297 660 2358 Servilium
682 2295 858 2371 pontificem
877 2299 1042 2359 maximum
1063 2297 1120 2357 luit
1138 2296 1212 2358 etL.

234 2381 405 2441 Cornelium
419 2381 608 2440 Dolabellam
628 2380 822 2441 duumvirum
842 2384 997 2456 navalem,
1020 2396 1111 2456 quem
1125 2385 1159 2440 ut
1170 2381 1213 2439 in·

233 2473 409 2539 auguraret,
425 2463 564 2538 pontifex
578 2464 756 2539 magistratu
770 2481 842 2526 sese
855 2466 1000 2526 abdicare
1013 2465 1146 2525 iubebat.
1167 2478 1213 2523 re
1307 2476 1308 2531 3

233 2547 417 2621 cusantique
435 2547 468 2606 id
483 2547 584 2608 lacere
599 2548 639 2607 ob
654 2563 723 2608 eam
736 2564 801 2609 rem
809 2551 909 2620 ,multa
923 2549 1085 2610 duumviro
1100 2548 1214 2608 dictae
1307 2550 1308 2557 ’

136 2642 139 2647 ·
232 2630 393 2705 pontilice;
417 2629 519 2704 deque
534 2647 580 2706 ea,
596 2647 664 2692 cum
679 2641 890 2709 provocasset,
907 2640 1053 2694 certatum
1064 2633 1104 2692 ad
1116 2647 1213 2706 popu·
1307 2652 1308 2693 ι

232 2715 303 2774 lum.
332 2728 401 2774 cum
421 2714 526 2788 plures
546 2715 606 2774 iam
626 2715 723 2777 tribus
740 2715 820 2778 intro
835 2724 963 2777 vocatae
978 2717 1059 2777 dicto
1075 2730 1148 2776 esse
1162 2730 1213 2774 au·
1307 2728 1308 2743 ¹

232 2796 365 2857 dientem
378 2797 516 2872 pontiflci
530 2799 723 2861 duumvirum
734 2801 882 2874 iuberent,
899 2802 1086 2877 multamque
1096 2798 1213 2872 remitti,

233 2881 260 2940 si
274 2880 452 2955 magistratu
467 2899 503 2943 se
517 2884 703 2960 abdicasset,
718 2885 855 2946 ultimum
870 2885 909 2945 de
924 2885 1010 2945 caelo
1024 2884 1108 2959 quod
1123 2883 1213 2943 comi·
1307 2954 1308 2959 ἵ

230 2963 273 3023 lia
286 2966 421 3028 turbaret
434 2967 603 3029 intervenit.
636 2968 743 3044 religio
762 2967 834 3029 inde
848 2970 903 3030 luit
921 2967 1118 3043 pontificibus
1132 2967 1213 3025 inau·
1307 2968 1308 2975 ’

232 3048 361 3122 gurandi
382 3049 568 3113 Dolabellae.
600 3051 633 3111 P.
653 3052 799 3114 Cloelium
826 3051 962 3113 Siculum
985 3053 1212 3126 inaugurarunt,

233 3132 285 3205 qui
306 3134 444 3194 secundo
460 3135 529 3196 loco
544 3137 744 3212 inauguratus
760 3145 833 3198 erat.
866 3137 950 3197 exitu
965 3135 1036 3195 anni
1051 3140 1082 3195 et
1096 3134 1126 3194 C.
1145 3132 1212 3194 Ser-

231 3214 320 3276 vilius
334 3217 479 3278 Geminus
492 3221 630 3294 pontifex
640 3221 791 3281 maximus
803 3220 952 3281 decesslt=
968 3219 1048 3279 idem
1061 3217 1213 3277 decemvir

232 3315 391 3361 sacrorum
403 3300 466 3362 luit.
490 3305 628 3377 pontifex
639 3304 670 3362 in
682 3305 783 3364 locum
794 3305 862 3364 eius
876 3320 896 3363 a
910 3304 1040 3378 collegio
1052 3308 1212 3377 cooptatus

231 3391 280 3444 est
295 3384 328 3458 Q.
342 3384 467 3446 Fulvius
482 3387 629 3458 Flaccum
650 3387 723 3448 inde
741 3387 880 3463 pontifex
893 3388 1043 3447 maximus
1057 3384 1099 3446 Μ.
1113 3384 1212 3445 Aemi·

231 3466 290 3528 lius
304 3468 456 3545 Lepidus,
477 3487 546 3531 cum
565 3472 651 3532 multi
669 3472 743 3532 clari
757 3470 814 3532 viri
828 3471 996 3548 petissent,
1016 3477 1046 3530 et
1060 3466 1212 3530 decemuir
