2642 4017
299 276 496 337 EPlTOMAE
511 276 715 339 LIBRORUM
727 276 883 339 L—LIV.
1035 275 1098 339 siti

112 427 175 468 tibus
189 424 327 478 aliquamdiu
342 426 457 478 patribus,
472 425 561 479 legibus
574 427 663 468 solutus
679 429 702 469 et
716 427 794 469 consui
809 432 896 470 creatas
911 431 955 475 est.
974 430 1012 470 ii'.
1028 429 1099 471 ilani·

112 480 157 522 iius
180 479 267 531 aliquot
282 479 350 520 urbes
365 481 534 532 circumpositas
548 479 682 533 Carthagini
694 484 838 535 expugnarit.
859 481 1062 535 Pseudophilippus
1076 483 1100 523 in

112 533 256 584 Macedonia,
278 543 343 574 casso
359 544 408 574 cum
427 535 528 575 exercitu
546 535 572 576 Ρ.
595 535 697 576 luventlo
711 538 825 588 praetore,
844 536 901 581 ιο.
914 536 1011 578 caecilio
1026 538 1100 577 victus

113 591 239 641 captusque
254 590 302 636 est,
317 590 341 627 et
354 591 444 639 recepta
459 587 599 629 Macedonis.

167 641 209 684 lai.
226 640 337 693 cartbngo
356 642 379 681 in
401 642 494 683 circuitu
509 642 571 683 milia
591 642 671 695 viginti
685 644 728 685 tria
742 653 848 697 passuum
863 647 956 698 patens.
974 653 1053 694 magno
1068 643 1099 684 la·

113 697 167 737 bore
181 695 276 736 obsessa
295 698 319 736 et
332 705 373 748 per
391 698 467 748 partes
481 699 546 749 capta
557 699 607 746 est,
628 698 722 749 primum
736 708 750 738 ι
764 698 868 740 blanelno
883 697 970 750 legato,
991 696 1100 738 deludes

114 749 220 803 Scipione
234 748 335 799 consule,
350 748 385 789 eui
400 752 463 790 extra
477 752 561 791 sortem
575 751 651 792 Airiea
664 752 780 803 provincia
795 751 847 793 data
863 754 918 793 erat.
933 748 1099 802 carthaginien-

113 803 394 909 :i:.¹’⁰.¹tiii'i·..i.l:
408 804 1100 913 :iitiiliii.:..t.⁰.¹.¹’.‘⁰i:.:i.·¹;..i:it‘attilii

115 910 232 953 llasdruba
243 911 263 951 is
277 920 367 962 quoque
382 909 445 951 ducis
460 922 536 953 eornm
550 914 631 962 castra,
646 912 676 953 ad
690 912 812 966 liie'plrerim
826 913 934 968 oppidum
949 913 999 953 loeo
1013 910 1100 952 dlldeiii

101 963 169 1015 'sita,
193 976 242 1006 cnm
262 966 363 1006 exercitu
382 964 457 1005 deleta
474 969 528 1006 sunt
541 976 555 1006 ι
569 965 689 1019 Scipione,
711 968 751 1019 qui
765 966 855 1009 tandem
873 968 949 1008 urbem
964 978 992 1007 er
1009 967 1101 1019 egnavit

114 1018 1101 1126 til‘iitiitiiiltii‘iiii.iilt·.:i.⁰iii⁰:.:⁸i.⁰¹.l:i.tiliulii

331 1102 338 1122 p
443 1103 449 1116 s

116 1124 247 1174 dedidisset,
262 1136 318 1167 uxor
331 1127 392 1176 eius,
407 1137 464 1180 guae
478 1129 556 1181 paucis
570 1132 622 1169 ante
634 1127 717 1184 ¹¹diebus
731 1105 759 1170 de
773 1132 853 1170 marito
868 1131 988 1182 impetrare
1002 1138 1045 1168 non
1060 1137 1099 1180 po·

117 1181 205 1229 tuerat,
228 1182 253 1220 nt
266 1178 294 1219 ad
308 1180 416 1221 rictorem
431 1180 609 1235 transfugerent,
629 1183 652 1223 in
672 1183 768 1225 medinm
782 1193 808 1224 se
822 1182 935 1236 flagrantis
950 1182 1012 1222 urbis
1026 1181 1100 1222 ineen-

117 1233 177 1274 dium
197 1244 246 1274 eum
266 1233 352 1274 duobus
369 1233 448 1275 liberis
466 1247 495 1277 ex
513 1247 565 1277 aree
583 1237 749 1290 praecipitavit.
772 1235 849 1290 Seiplo
863 1236 966 1288 exemplo
980 1237 1050 1288 patris
1064 1235 1100 1276 sul

117 1286 225 1329 naturalis
240 1288 327 1329 Aemilii
341 1288 417 1339 Pauli,
438 1289 477 1341 gui
491 1289 643 1332 llacedonism
658 1293 755 1341 vicerat,
770 1289 837 1331 iudos
850 1290 915 1341 iecit,
929 1289 1101 1341 transfugasque

115 1353 143 1383 se
157 1341 264 1393 iugitiros
278 1341 357 1383 bestiis
369 1342 459 1387 obiecit.
474 1343 529 1384 beili
543 1343 633 1385 Achaici
647 1346 732 1386 semina
744 1343 871 1385 reseruntur
881 1344 945 1393 baec,
959 1342 1020 1395 quod
1032 1342 1100 1395 legati

117 1395 212 1439 Romani
225 1395 253 1434 ab
267 1394 363 1438 Actaeis
376 1395 461 1448 pulsati
475 1396 522 1439 sint
537 1396 650 1448 cannabi,
666 1399 741 1448 missi,
762 1401 788 1437 ut
801 1407 840 1437 eas
854 1399 970 1446 civitates,
987 1396 1099 1447 quassus

119 1449 206 1491 dicione
219 1446 319 1504 Philippi
333 1449 428 1498 inerant,
444 1451 471 1490 ab
485 1449 582 1492 Acheloo
596 1449 692 1492 coneilio
707 1453 860 1494 secernerent.

172 1503 218 1547 Lll.
234 1503 288 1546 Cum
302 1503 404 1553 Anienis,
421 1505 459 1554 qui
474 1504 496 1544 in
511 1505 596 1546 auxilio
611 1505 708 1546 Boeotos
721 1506 745 1545 et
759 1502 920 1546 Chalcidenses
934 1502 1053 1553 habebant,
1069 1501 1099 1547 Q.

118 1557 229 1599 Caecilius
243 1557 349 1600 Metellus
363 1557 392 1598 ad
406 1555 565 1610 Thermopyla
579 1556 640 1599 bello
653 1558 767 1605 eoniiixita
787 1558 869 1608 qulbus
884 1557 952 1598 vietis
966 1556 1013 1596 dux
1027 1565 1101 1596 eorum

119 1610 231 1654 Critolaus
245 1622 331 1654 veneno
344 1612 388 1652 sibi
402 1614 494 1653 mortem
509 1612 626 1653 conscivit.
641 1613 665 1652 in
679 1613 743 1653 euius
758 1612 829 1652 iocum
841 1610 933 1660 Iliacus,
948 1609 1039 1652 Aelasiel
1055 1620 1100 1649 mo-

118 1668 155 1706 tus
168 1667 251 1719 primns
266 1668 355 1715 auctor,
370 1665 398 1705 ab
412 1663 507 1706 Achaeis
523 1665 569 1706 dux
584 1668 683 1715 creatus,
704 1664 734 1705 ad
747 1663 846 1706 lstbnron
861 1676 874 1705 a
888 1665 914 1709 ia.
930 1665 1035 1706 Mummio
1050 1674 1101 1705 eon·

119 1719 167 1761 sule
182 1721 256 1761 rictus
270 1724 316 1762 est.
339 1721 377 1771 qul
393 1719 451 1759 omni
466 1718 549 1761 Achaia
564 1720 586 1759 in
600 1718 737 1760 deditionem
751 1721 843 1771 accepts
857 1716 979 1762 Corinthon
994 1730 1023 1760 ex
1036 1728 1101 1761 sens·

119 1775 156 1813 tus
170 1773 272 1814 consulto
287 1773 365 1822 diruit,
380 1773 433 1825 quta
446 1772 476 1812 ibi
490 1772 559 1826 iegati
574 1773 668 1814 ltomant
683 1772 761 1814 violati
776 1775 848 1815 erant.
870 1772 959 1813 Thebae
972 1783 1064 1825 quoque
1078 1772 1102 1811 et

119 1825 219 1878 cbaiois,
239 1838 296 1879 quae
310 1827 394 1868 auxillo
409 1826 508 1876 luerent,
528 1826 622 1869 dirutae.
649 1828 699 1880 ipse
713 1827 738 1868 l..
754 1827 873 1868 Mummius
886 1827 1101 1868 abstinentissimum

120 1881 190 1922 virum
210 1882 269 1934 egit,
292 1892 334 1922 neo
354 1882 472 1932 quicquam
494 1892 523 1921 ex
542 1880 571 1922 iis
589 1880 671 1933 opibus
690 1884 884 1934 ornamentisque,
906 1891 964 1932 quse
983 1880 1102 1932 praedives

119 1933 239 1976 dorintbos
252 1933 342 1985 babuit,
358 1937 379 1975 in
394 1934 482 1974 domum
496 1936 545 1975 eius
560 1938 669 1986 pervenit.
686 1934 715 1979 0.
731 1935 843 1977 caecilius
858 1934 965 1975 Metellus
980 1933 1008 1975 de
1021 1932 1101 1974 Andri·

118 1998 157 2030 sco
172 1987 325 2041 triumphavit,
340 1988 367 2030 P.
383 1987 501 2030 cornelius
515 1988 591 2040 Scipio
606 1988 725 2030 Africanus
740 1988 876 2030 Aemilianus
890 1987 918 2028 de
928 1986 1064 2040 carthagine
1079 1988 1103 2026 et

120 2042 148 2084 de
162 2043 310 2085 Hasdrubale.
330 2040 444 2082 Viriathus
458 2042 480 2082 in
494 2042 602 2094 Hispanis
617 2044 711 2095 primum
725 2054 754 2083 ex
767 2044 858 2096 pastore
872 2044 978 2090 venator,
993 2051 1022 2082 ex
1035 2049 1102 2081 rena·

119 2100 169 2138 tore
184 2097 252 2146 latro,
271 2107 323 2136 mox
337 2094 390 2136 insti
406 2106 495 2148 quoque
510 2097 622 2137 exercitus
637 2095 684 2137 dux
699 2097 782 2147 lactus,
804 2097 871 2135 totam
886 2093 1024 2137 Lusitaniam
1038 2102 1103 2133 oecu-

119 2152 194 2203 psvit,
215 2151 241 2192 c.
257 2149 362 2191 Vetilium
376 2152 502 2201 praetorem
516 2147 566 2191 iuso
581 2152 629 2191 eius
643 2151 743 2192 exercitu
758 2150 830 2202 cepitp
850 2151 902 2200 post
916 2159 982 2201 quem
996 2148 1021 2191 c.
1036 2147 1103 2187 Plan·

119 2205 165 2245 tius
185 2206 275 2255 praetor
294 2200 364 2243 nihilo
385 2203 474 2245 lelielus
491 2213 538 2245 rem
552 2206 629 2257 gessit.
649 2207 781 2256 tantumque
795 2203 886 2244 terroris
900 2203 920 2242 is
934 2201 1005 2242 bostis
1019 2200 1103 2249 intulit,

119 2261 145 2298 ut
159 2256 267 2297 adversus
282 2268 332 2298 euna
347 2256 458 2298 consulari
473 2267 530 2310 opus
548 2262 610 2299 esset
623 2261 646 2299 et
666 2257 696 2298 du
737 2261 760 2298 et
774 2257 882 2299 exercitu.
903 2258 1018 2309 praeterea
1029 2257 1104 2295 motus

119 2311 200 2365 Syriae
214 2314 237 2351 et
250 2310 311 2352 bella
325 2312 383 2352 inter
396 2320 460 2364 reges
473 2315 537 2365 gesta
551 2311 685 2354 reseruntur.
730 2310 836 2362 exander,
852 2309 918 2351 homo
931 2311 1023 2362 ignotus
1038 2310 1061 2349 et
1071 2309 1102 2348 in·

120 2368 194 2407 certae
207 2365 292 2419 stirpis,
307 2366 388 2414 nocuo,
403 2367 461 2406 sicut
475 2365 621 2408 antedictum
632 2369 675 2416 est,
690 2365 806 2407 Demetrio
817 2375 869 2417 rege
879 2365 902 2405 ln
913 2363 980 2416 Syria
988 2362 1102 2414 regnabat

119 2420 179 2461 bunc
189 2417 316 2461 Demetrius
325 2419 434 2461 Demetrii
448 2419 515 2471 iliius,
530 2423 568 2474 qui
582 2433 596 2462 a
610 2423 675 2474 patre
689 2419 801 2473 quondam
817 2420 846 2459 ob
861 2420 959 2460 incertos
973 2415 1026 2458 beili
1039 2423 1104 2457 casus

119 2473 237 2526 ablegatus
251 2473 340 2516 Gnidon
355 2474 434 2525 iuerat,
449 2477 577 2528 contempta
590 2474 692 2516 secordia
706 2475 831 2526 inertiaque
844 2472 901 2523 eius,
916 2471 1037 2511 adiurante
1050 2469 1102 2510 Pto-

120 2528 205 2569 lemaeo
219 2530 314 2581 Aegypti
334 2539 398 2582 rege,
422 2529 486 2570 cuins
504 2528 571 2571 fllium
590 2528 733 2583 Cleopatram
752 2530 775 2570 ln
798 2526 960 2569 matrimonium
978 2526 1103 2577 acceperat,

120 2582 181 2623 bello
195 2583 314 2624 interemit.
334 2583 475 2625 Ptolemaeus
494 2583 517 2624 in
531 2595 557 2624 ea
574 2587 598 2624 nt
612 2585 711 2636 graviter
725 2583 867 2631 vulneretur,
889 2582 948 2621 inter
961 2579 1103 2625 curationem,

121 2635 173 2676 dum
187 2644 239 2675 ossa
252 2636 332 2677 mediet
346 2638 458 2679 terebrare
472 2595 621 2689 contenSnnt,
637 2639 763 2690 exspiravit
768 2650 776 2685 i
791 2639 859 2688 atque
873 2635 896 2675 ln
910 2635 984 2676 iocum
999 2634 1047 2674 elus
1061 2632 1104 2671 ira·

120 2695 156 2730 ter
168 2688 240 2728 minor
253 2689 402 2740 Ptolemaeus,
418 2692 457 2744 qul
472 2692 566 2744 cyrenis
579 2693 694 2744 regnabat,
708 2692 826 2734 successit.
841 2688 970 2730 Demetrius
984 2687 1012 2727 ob
1027 2684 1103 2726 crude·

121 2741 219 2790 litatem,
235 2752 301 2793 quara
315 2754 356 2795 per
369 2746 480 2785 tormenta
493 2747 515 2786 in
529 2755 583 2786 suos
597 2746 728 2795 exercebat,
749 2756 762 2784 a
775 2743 873 2786 Diodoto
888 2742 997 2794 quodam,
1017 2752 1061 2781 uno
1076 2749 1105 2780 er

122 2795 237 2844 subiectis,
253 2797 292 2846 qni
305 2796 426 2837 Alexandri
441 2798 487 2837 lilio
501 2809 571 2851 puero
585 2798 703 2839 admodum
717 2808 810 2851 regnum
823 2796 949 2844 adserebas,
964 2794 1024 2836 bello
1038 2804 1103 2846 supe·

122 2851 186 2888 ratus
198 2846 330 2889 Seleuceam
343 2850 450 2901 coniugii.
465 2851 491 2892 i..
506 2852 624 2893 Mummius
639 2852 668 2892 de
682 2849 779 2893 Achaeis
793 2848 946 2903 triumphavit,
961 2851 1025 2901 signa
1039 2856 1106 2888 aeres

122 2911 289 2954 marmoreaque
303 2906 325 2942 et
338 2903 427 2944 tabulas
440 2904 512 2956 pictas
526 2905 549 2945 in
562 2903 675 2957 triumpho
689 2904 750 2945 tulit.

176 2955 233 2998 bill.
248 2958 290 3008 Ap.
303 2956 410 2999 claudius
420 2957 497 2998 consui
509 2957 620 3008 Salassos,
635 2961 724 3011 gentem
733 2957 844 3009 Alpinam,
859 2955 953 2997 domuit.
968 2955 1026 2996 alter
1036 2955 1105 2995 l’seu-

122 3008 267 3064 dophilippus
281 3010 302 3051 in
316 3009 447 3052 Macedonia
461 3021 474 3050 a
488 3011 513 3052 1..
524 3010 643 3053 Tremellio
657 3013 777 3064 quaestore
791 3020 840 3051 enm
854 3011 955 3051 exercitu
970 3018 1048 3050 caesus
1062 3009 1106 3047 est.

123 3065 152 3110 u.
173 3064 285 3105 Caecllius
299 3063 405 3105 Meteilus
425 3065 545 3116 proconsul
560 3065 687 3108 celtiberos
706 3063 794 3105 cecidit.
814 3064 871 3108 aii.
885 3065 953 3104 labio
973 3059 1106 3115 proconsule

122 3128 175 3174 pars
189 3128 269 3170 magna
282 3118 410 3160 Lusitaniae
424 3121 559 3172 expugnatis
573 3119 661 3172 aliquot
675 3119 766 3159 urbibus
781 3121 872 3172 recepta
886 3122 929 3159 est.
943 3116 1027 3159 Acilius
1042 3125 1106 3157 seno·

123 3177 159 3216 tor
175 3173 258 3215 Graece
272 3182 308 3214 res
321 3172 432 3214 Romanas
445 3173 532 3214 scribit.

176 3226 231 3269 ΒΝ.
252 3226 280 3271 Q.
296 3227 417 3279 Pompeius
431 3226 508 3268 consui
523 3229 545 3266 in
560 3226 668 3280 Hispania
683 3226 833 3267 Termestinos
847 3226 943 3278 subegit.
958 3236 1007 3266 cum
1021 3221 1106 3264 eisdem

123 3284 146 3323 et
159 3280 301 3322 Numantinis
316 3292 393 3334 pacem
407 3292 421 3320 ι
435 3280 519 3336 populo
534 3280 632 3322 liomsno
647 3279 778 3321 infirmatem
792 3278 853 3321 iecit.
874 3279 969 3320 lustrum
982 3291 996 3318 a
1010 3275 1105 3317 censori·

123 3336 166 3376 bus
180 3334 292 3375 conditum
307 3339 353 3377 est:
374 3346 442 3376 censa
455 3337 537 3377 civium
551 3336 625 3387 capita
638 3337 738 3375 trecenta
752 3335 829 3386 viginti
843 3336 894 3374 octo
908 3334 983 3380 milia,
1003 3326 1106 3380 quadrin-

139 3392 191 3430 enta
205 3389 352 3442 quadraginta
365 3390 417 3430 duo.
438 3401 488 3430 cum
502 3389 648 3430 Macedonum
663 3388 732 3442 legati
747 3391 894 3440 conquestum
908 3386 937 3427 de
950 3385 981 3425 l).
996 3382 1057 3424 lunio
1072 3379 1098 3421 bs

123 3401 176 3484 fano
195 3446 298 3495 praetore
317 3445 445 3493 venissent,
469 3442 529 3496 qnod
547 3445 646 3497 acceptis
664 3444 765 3496 pecuniis
784 3442 921 3495 provinciam
935 3436 1065 3491 spoliasset,
1086 3434 1109 3473 et

124 3498 217 3537 senatus
236 3495 265 3538 de
278 3498 376 3550 querelis
390 3507 466 3538 eorum
481 3498 551 3539 vellet
565 3506 711 3550 cognoscere,
732 3496 756 3538 T.
771 3496 869 3537 Manlius
888 3492 1025 3541 Torquatus,
1044 3488 1108 3538 pater

125 3548 211 3600 silani,
227 3552 293 3604 petiit
306 3553 491 3606 impetravitque,
506 3555 531 3593 ut
544 3552 588 3593 sibl
602 3553 700 3604 cognitio
713 3550 868 3600 mandaretur,
882 3549 905 3589 et
920 3545 978 3587 domi
992 3551 1059 3583 eausa
1073 3551 1109 3582 eo·
