2642 4017
323 224 440 284 aleae
453 224 544 284 xlv.
564 225 648 286 cnr.
661 232 761 286 aare.
776 231 814 300 [a
830 226 862 286 c.
876 232 939 300 ret]
1046 221 1108 290 275

128 381 161 440 C.
175 375 324 453 Popillius
345 376 464 451 legatus
479 377 651 450 Romanus,
675 393 766 452 quem
781 379 820 439 ad
835 381 1109 443 summovendosa

2 480 6 499 ·
127 462 209 523 bello
230 459 414 521 Antiochum
434 467 465 520 et
478 460 684 521 Ptolemaeum
699 476 791 535 reges
806 460 948 539 misistis,
968 466 1107 540 loquare-

128 554 186 607 tur.
209 544 266 604 sed
286 551 388 603 tamen
405 557 443 604 ea
455 544 523 603 sive
538 544 684 619 superbia
698 543 766 605 sive
785 545 912 606 stntltitia
926 548 1109 622 appellanda

128 636 191 703 est,
214 627 338 701 eadem,
354 641 435 702 quae
447 628 532 702 apud
544 644 620 700 vos,
635 633 667 688 et
679 628 763 703 apud
777 628 892 690 Peraea
905 630 971 690 luit.
992 637 1052 690 tam
1068 629 1109 691 oi·

128 711 265 773 vitalium
286 726 378 785 quam
399 711 589 785 singidonum
603 710 761 772 hominum
773 727 877 773 mores
890 720 978 775 sunta
1001 721 1108 788 gentes

129 811 255 872 quoque
270 795 350 854 aliae
362 793 535 867 iracundae,
557 793 636 854 aliae
649 795 794 869 audaces,
810 797 962 872 quaedam
976 794 1109 872 timidae,

127 879 159 939 in
170 880 285 953 vinum,
300 878 332 938 in
341 879 493 938 Venerem
507 878 670 953 proniores
682 878 759 939 aliae
770 887 850 941 sunt
873 879 1108 943 Atheniensium

130 964 278 1039 populum
299 963 381 1021 lama
400 967 449 1022 est
468 961 600 1023 celerem
619 968 651 1021 et
663 977 761 1038 supra
774 964 857 1024 vires
872 965 1021 1024 audacem
1036 978 1109 1025 esse

130 1046 172 1107 ad
192 1045 380 1118 conandum,
400 1044 713 1107 Lacedaemoniorum
734 1053 943 1109 cunctatorem
963 1057 994 1108 et
1009 1048 1062 1108 vix
1075 1047 1107 1109 in

130 1146 182 1201 ea,
207 1129 319 1205 quibus
339 1128 418 1201 fidit,
439 1127 669 1204 ingredientem.
699 1145 762 1192 non
782 1132 957 1207 negaverim
969 1138 1107 1194 ettotam

128 1211 224 1274 Asiae
236 1210 395 1287 regionem
408 1211 546 1274 maniora
560 1228 671 1289 parere
684 1213 815 1290 ingenia,
830 1221 861 1275 et
873 1222 1049 1277 nostrorum
1060 1222 1107 1277 tu-

128 1295 288 1357 midiorem
301 1310 473 1357 samonem
487 1312 573 1372 esse,
599 1297 684 1373 quod
705 1299 858 1358 excellere
871 1299 951 1361 inter
963 1299 1107 1359 finitimas

130 1380 269 1441 civitates
287 1380 460 1455 videamur,
485 1385 517 1441 et
535 1380 567 1440 id
587 1381 689 1454 ipsum
709 1389 848 1441 nontam
859 1380 978 1442 viribus
992 1382 1107 1442 nostris

129 1479 221 1541 quam
240 1465 352 1525 vestris
374 1462 543 1525 honoribus
558 1478 596 1524 ac
608 1462 740 1524 iudiciis.
762 1463 838 1524 satis
854 1465 977 1538 quidem
992 1472 1023 1525 et
1035 1471 1107 1525 tunc
1128 1492 1132 1498 ·

129 1549 159 1607 in
174 1549 347 1623 praesentia
362 1548 511 1622 castigata
525 1547 577 1606 illa
590 1545 702 1621 legatio
719 1555 793 1620 erat,
808 1563 877 1607 oum
891 1554 953 1607 mm
966 1547 1045 1608 tristi
1058 1562 1106 1607 re-

128 1646 246 1708 sponso
260 1639 365 1693 vestro
381 1630 517 1692 dimissa.
535 1629 563 1689 si
576 1635 639 1689 tum
652 1644 762 1704 parum
776 1629 961 1704 ignominiae
976 1645 1107 1706 pensum

127 1721 188 1789 est,
209 1715 286 1776 haec
310 1720 392 1776 certe
412 1722 474 1775 mm
486 1711 670 1773 miserabilis
692 1728 730 1773 ac
743 1714 876 1789 supplex
890 1715 1001 1789 legatio
1017 1715 1105 1779 etiam

127 1798 344 1873 insolentioris,
361 1813 454 1874 quam
467 1797 520 1858 illa
536 1796 601 1870 tuit,
615 1794 778 1871 legationis
793 1797 869 1859 satis
883 1813 1026 1873 magnum
1041 1797 1106 1874 pia·

128 1884 232 1944 culum
246 1890 340 1945 esset.
360 1879 551 1957 superbiam,
572 1879 736 1941 verborum
751 1881 946 1956 praesertim,
967 1881 1107 1943 iracundi

127 1968 265 2039 oderunt,
288 1965 455 2042 prudentes
469 1963 604 2037 irrident,
624 1964 731 2041 ntique
744 1963 773 2024 si
786 1963 940 2025 interioris
955 1966 1106 2026 adversus

128 2047 321 2124 superiorem
341 2054 404 2109 est=
430 2046 552 2122 capitali
577 2061 680 2123 poena
700 2061 791 2109 nemo
814 2062 961 2122 umquam
982 2046 1106 2122 dignam

106 2196 110 2205 ,
125 2133 281 2192 iudicavit.
302 2131 334 2192 id
348 2130 503 2191 enimvero
518 2129 688 2206 periculum
702 2137 777 2206 erat,
798 2146 838 2191 ne
851 2131 1008 2193 Romanos
1023 2129 1105 2193 Rho·

128 2213 170 2276 dii
191 2221 429 2276 contemnerent.
457 2213 548 2276 etiam
568 2214 645 2275 deos
667 2212 761 2290 aliqui
780 2214 884 2275 verbis
904 2213 1105 2276 ferocioribus

99 2343 105 2349 -
125 2300 298 2374 increpant,
319 2314 377 2361 nec
396 2299 467 2360 ideo
483 2314 668 2374 quemquam
689 2297 814 2358 itrlmine
827 2297 920 2358 ictum
934 2297 1107 2359 audimus.“

124 2382 232 2442 XXIV.
254 2383 349 2460 „qnid
369 2383 461 2459 igitur
479 2389 621 2458 superat,
643 2381 728 2458 quod
743 2397 925 2457 purgemus,
947 2384 974 2442 si
989 2396 1047 2443 nee
1061 2382 1106 2441 ta·

126 2473 207 2527 ctum
221 2467 334 2530 hostile
347 2469 442 2528 ullum
456 2473 597 2528 nostrum
611 2472 668 2541 est,
682 2473 715 2527 et
728 2466 823 2525 verba
837 2463 1001 2526 tumidiora
1013 2464 1105 2540 legati

126 2550 298 2614 offensione
329 2550 448 2613 aurium
470 2567 533 2612 non
561 2549 728 2627 perniciem
755 2548 885 2610 civitais
910 2554 1107 2610 merueruntt
1155 2564 1157 2570 ⁴

127 2634 292 2695 voluntatis
306 2643 432 2697 nostrae
443 2635 556 2696 tacitae
569 2635 653 2695 velut
666 2634 749 2696 litem
763 2632 917 2695 aestimari
930 2632 1044 2694 vestris
1058 2631 1104 2693 in·

127 2723 173 2775 ter
187 2733 244 2775 vos
259 2719 452 2779 sermonibus
467 2717 575 2790 audio,
595 2723 700 2792 patres
715 2715 892 2792 conscripti.
914 2717 1032 2778 lavisse
1045 2731 1104 2777 nos

125 2798 207 2873 regi,
228 2806 259 2858 et
271 2799 354 2859 illum
365 2800 490 2864 vincere
504 2799 666 2872 maluisse,
686 2800 757 2860 ideo
772 2800 854 2859 bello
868 2800 1105 2876 persequendos

126 2897 198 2942 esse
213 2881 351 2943 credunt.
372 2882 423 2942 alii
436 2888 573 2941 vestrum
586 2880 725 2942 voluisse
741 2880 866 2956 quidem
881 2897 939 2942 nos
954 2882 1023 2955 hoo,
1040 2899 1102 2944 non

126 2973 227 3026 tamen
252 2966 292 3026 ob
317 2966 348 3027 id
368 2967 450 3025 bello
471 2964 706 3039 persequendos
727 2978 815 3025 esse:
843 2979 945 3041 neque
965 2964 1104 3027 moribus

124 3065 227 3125 neque
246 3049 366 3125 legibus
387 3046 479 3109 ullius
501 3046 630 3109 civitatis
644 3046 688 3108 ita
701 3054 910 3122 comparatum
925 3064 1012 3125 esse,
1030 3055 1064 3111 ut
1077 3048 1105 3111 ai

126 3135 178 3209 qui
194 3135 286 3195 vellet
299 3133 453 3194 inimicum
468 3131 577 3207 perire,
594 3131 621 3194 si
635 3130 709 3193 nihil
723 3130 837 3206 iecerit,
854 3148 915 3207 quo
930 3131 961 3195 id
976 3134 1038 3209 liat,
1054 3148 1104 3194 ca-

124 3217 196 3294 pitis
212 3220 381 3280 damnetur.
402 3216 460 3291 111,
483 3213 536 3290 qni
550 3231 608 3276 nos
623 3230 734 3292 poena,
749 3231 812 3276 non
826 3213 951 3277 crimine
966 3217 1102 3290 liberant,

124 3302 253 3377 gratiam
265 3303 389 3377 quidem
400 3300 563 3362 habemus:
585 3298 647 3375 ipsi
658 3299 748 3360 nobis
759 3298 840 3360 hanc
852 3300 981 3361 dicimus
994 3301 1103 3373 legem.

125 3385 152 3445 si
167 3402 273 3447 omnes
289 3385 442 3448 voluimus
459 3383 544 3460 quod
557 3384 720 3460 arguimur,
741 3399 803 3444 non
818 3383 1033 3457 distinguimus
1048 3396 1102 3441 vo-

125 3470 269 3531 luntatem
284 3487 303 3529 a
316 3471 407 3544 iacto,
423 3482 530 3531 omnes
545 3469 728 3543 plectamum
751 3465 779 3528 si
796 3466 846 3526 alii
863 3464 1036 3587 principum
1047 3478 1101 3525 no·
