2642 4017
277 235 391 295 LIBER
402 235 506 296 XLIV.
530 236 781 299 clipeumue.
804 244 840 311 [e.
853 244 885 298 0.
900 245 961 312 tte]
1050 237 1116 302 231
1171 290 1177 299 .

101 455 104 460 ,
137 395 277 462 venerat,
297 387 537 463 auctoribusque
550 388 670 449 Dinone
685 392 716 448 et
727 385 906 464 Polyarato,
929 389 1118 467 principibus

135 471 267 538 avinus
283 472 358 544 eius,
374 471 555 532 adfirmabat
567 470 708 532 Rhodios
720 476 846 546 paratos
857 472 898 531 ed
909 472 1021 533 bellum
1036 490 1116 535 esse.

136 556 163 617 is
178 555 324 632 princeps
340 555 462 616 iunctae
477 569 546 615 cum
560 553 673 633 Illyriis
684 553 846 630 legationis
861 555 951 617 datus
966 564 1021 618 cst.

215 639 322 699 XXIV.
343 634 462 700 Eodem
474 645 611 714 tempore
621 638 662 698 ad
671 637 828 699 Eumenen
842 645 872 699 et
881 639 922 698 ad
933 640 1118 701 Antiochum

134 723 309 785 communia
317 723 469 794 mandata,
483 737 563 797 quae
573 721 716 783 subicere
723 722 863 783 condicio
876 737 977 784 rerum
989 729 1119 800 poterat
1216 750 1220 757 ·

137 814 245 870 natura
259 806 380 867 inimica
394 806 474 867 inter
491 821 527 866 se
548 821 620 866 esse
639 803 767 866 liberam
789 804 941 868 civitatem
961 814 991 869 et
1005 823 1118 884 regem.

20 904 23 909 ⁴
134 891 274 966 singulos
288 891 438 967 populum
459 889 629 950 Romanurn
648 890 791 965 adgredi,
812 896 842 950 et
860 890 944 966 quod
964 891 1117 967 indignius

135 974 188 1049 sit,
213 990 321 1049 regum
345 972 462 1034 viribus
491 987 583 1049 reges
613 988 804 1054 oppugnare.
847 975 950 1035 Attalo
979 975 1118 1052 adiutore

134 1064 355 1135 patremsunm
370 1072 570 1133 oppressum;
594 1057 731 1118 Eumene
751 1058 915 1119 adiuvante
935 1064 965 1120 et
986 1061 1117 1133 quadam

135 1148 274 1217 exparte
288 1141 523 1217 etiamPhllippo
536 1149 622 1217 patre
628 1157 687 1203 suo
694 1141 879 1207 Antiochum
891 1152 1117 1219 oppugnatum

134 1225 165 1285 in
180 1241 216 1287 se
230 1240 312 1286 nuno
326 1231 356 1287 et
369 1225 525 1285 Eumenen
545 1228 577 1285 et
589 1224 716 1286 Prusian
737 1233 872 1288 armetm
890 1241 971 1291 esse.
1007 1226 1035 1288 si
1054 1226 1119 1288 hla-

135 1308 284 1371 cedoniae
297 1325 427 1384 regnum
440 1310 593 1370 sublatum
608 1310 702 1384 toret,
723 1310 895 1383 proximam
914 1309 1021 1369 Asiam
1036 1325 1117 1384 esse,

135 1408 226 1468 quam
247 1390 307 1453 iem
328 1409 369 1453 ex
390 1398 476 1468 parte
490 1392 549 1453 sub
572 1394 678 1467 specie
704 1392 929 1454 liberandarum
948 1392 1118 1466 ,civitatium
1200 1402 1202 1407 ’

135 1492 223 1547 suem
238 1477 372 1549 iecerint,
389 1475 501 1537 deinde
516 1474 647 1552 Syriam.
694 1476 753 1535 iam
773 1474 911 1536 Prusiam
924 1474 1052 1536 Eumeni
1062 1475 1117 1537 ho-

134 1575 210 1622 nore
227 1559 460 1635 praesentiam
473 1558 659 1619 Antiochum
681 1558 826 1619 victorem
842 1557 978 1632 praemio
994 1558 1065 1619 belli
1079 1559 1118 1620 ah

132 1644 278 1723 Aegypto
294 1643 400 1705 arceri.
437 1642 515 1703 haee
536 1642 720 1717 cogitantem
740 1641 904 1717 providere
925 1639 1062 1717 iubebat,
1086 1648 1119 1706 ut

134 1734 187 1789 aut
206 1727 248 1788 ad
267 1742 375 1806 pacem
400 1741 508 1788 secum
533 1724 712 1786 taciendam·
731 1725 928 1802 compelleret
951 1727 1117 1803 Romanos,
1201 1796 1203 1801 ,

133 1818 187 1874 aut
213 1818 449 1888 perseverantes
478 1809 509 1869 in
537 1809 617 1870 bello
637 1806 761 1870 ⁴iniusto
791 1824 969 1872 communes
993 1811 1119 1872 duceret

134 1895 267 1957 omnium
290 1910 399 1970 regum
421 1894 539 1956 hostes.
574 1893 615 1954 ad
642 1892 827 1956 Antiochum
842 1901 948 1969 aperta
976 1894 1119 1955 mandate

133 1986 228 2051 erant,
241 1980 282 2040 ad
290 1978 448 2039 Eumenen
461 1993 517 2054 per
523 1976 659 2053 speciem
672 1977 862 2052 captivorum
870 1975 1119 2039 redimendorum

132 2063 247 2124 missus
261 2064 381 2138 legatus
395 2068 475 2123 emt=
497 2077 604 2122 verum
625 2061 793 2123 occultiore
814 2061 966 2137 quaedam
986 2060 1116 2135 agehen-

134 2155 190 2221 tur,
208 2162 287 2222 quae
301 2146 332 2206 ln
348 2145 524 2222 praesentia
538 2144 670 2224 invisum
683 2144 808 2221 quidem
822 2149 853 2205 et
864 2151 1043 2219 suspectum
1057 2143 1118 2204 Ro·

134 2231 232 2301 manis
251 2230 409 2292 Eumenen
431 2229 517 2291 falsis
534 2228 727 2305 gravioribus
754 2224 794 2266 **
816 2227 954 2303 proditor
977 2224 1057 2289 enim
1082 2242 1119 2287 ac

25 2315 28 2321 ’
102 2384 106 2393 ,
134 2328 232 2392 prope
253 2314 351 2377 hostis
373 2314 511 2388 habitus,
536 2315 609 2374 dum
629 2311 708 2374 inter
727 2328 763 2373 se
778 2312 840 2373 duo
855 2326 945 2387 reges
960 2317 1119 2387 captantes

133 2399 241 2461 fraude
253 2405 284 2461 et
297 2399 425 2460 avaritia
437 2404 562 2460 certant.
586 2395 689 2473 Cydas
700 2402 766 2457 erat
778 2395 940 2471 cretensis,
956 2411 996 2455 ex
1005 2393 1118 2456 intimis

131 2483 287 2544 Eumenis.
316 2482 367 2544 hic
384 2482 470 2559 prius
481 2483 522 2544 ad
533 2481 742 2558 Amphipolim
755 2496 824 2542 oum
833 2479 971 2540 Chimaro
985 2478 1119 2555 quodam

132 2565 277 2643 populari
292 2583 350 2628 suo
365 2566 511 2627 militante
527 2566 610 2641 apud
623 2564 752 2640 Persea,
778 2565 850 2626 inde
870 2571 981 2640 postea
1000 2564 1041 2625 ad
1060 2563 1119 2624 lle·

132 2649 311 2709 meltiadem
336 2650 432 2709 semel
453 2664 523 2709 cum
543 2649 719 2710 Menecrate
740 2650 888 2725 quodam,
914 2648 1023 2710 ilerum
1049 2663 1118 2708 oum

132 2730 331 2805 Antimacho,
344 2729 453 2805 regiis
480 2730 626 2805 ducibus,
644 2733 714 2793 ‚suh
743 2733 820 2807 ipsis
848 2732 1009 2793 moenibus
1032 2731 1118 2792 urbis

135 2814 306 2875 collocutus
321 2813 430 2872 luerat.
460 2812 637 2886 Hierophon
650 2829 783 2888 quoque,
800 2815 925 2888 quitum
936 2814 1051 2876 missus
1062 2820 1118 2888 est,

134 2896 257 2958 duabus
270 2895 311 2956 ad
322 2893 617 2956 eundemEumenen
631 2894 692 2955 iem
702 2903 774 2956 ante
784 2896 986 2971 legationibus
997 2897 1119 2960 iunctus
1178 2920 1184 2927 ’

134 2988 208 3042 eret
233 2995 315 3055 qnae
331 2975 488 3053 colloquia
502 2978 623 3040 oeotdtn
634 2978 665 3040 et
674 2979 843 3053 legationes
853 2979 984 3040 infames
996 2982 1119 3057 quidem

132 3071 228 3140 erant,
241 3065 298 3126 sed
310 3062 595 3140 quidactmnessel,
607 3061 721 3138 quidve
732 3062 904 3138 interreges
912 3068 1117 3137 convenisset,

132 3147 350 3225 ignorabatur
367 3162 419 3208 res
439 3151 541 3207 autern
555 3145 597 3207 ite
610 3161 683 3208 sese
696 3145 810 3208 habuit.
852 3147 944 3209 XXV.
966 3148 1118 3211 Eumenes

133 3249 235 3310 neque
256 3231 331 3294 lavit
350 3229 499 3293 victoriae
511 3228 633 3305 Persei,
658 3245 761 3307 neque
780 3229 861 3294 bello
880 3247 953 3294 eum
974 3233 1119 3294 invadere

135 3317 235 3379 animo
251 3316 366 3392 habuit,
382 3331 444 3376 non
460 3321 521 3377 tam
537 3313 610 3391 quia
624 3322 770 3392 paternae
783 3312 862 3378 inter
875 3331 931 3378 eos
946 3314 1119 3377 inimicitiae

135 3410 230 3476 erant,
247 3417 340 3477 quam
349 3399 576 3482 ipsorumodiis
587 3399 666 3462 inter
676 3415 880 3462 senecensae.
892 3415 954 3460 non
965 3414 1003 3458 ee
1012 3412 1118 3471 regum

135 3484 312 3559 aemulatio,
333 3491 366 3546 ut
379 3499 481 3559 aequo
497 3483 597 3545 animo
608 3483 723 3546 Persea
736 3490 835 3546 tantas
850 3480 948 3557 apisci
962 3495 1039 3555 opes
1053 3487 1119 3541 tan-
