2642 4017
129 249 133 255 .
248 185 309 251 142
448 184 1032 264 LtBERthl.cnp.1a[a.tJaoeo]

245 336 371 414 populis
383 336 480 396 Asiae
496 368 534 380 -
553 351 622 394 nam
643 350 682 396 eo
698 349 824 411 quoque
837 335 897 394 iam
912 335 1000 396 lavor
1012 334 1118 395 Persei
1134 352 1225 398 vene·

245 427 292 482 rat
309 455 338 465 -
363 420 530 480 orationem
552 418 673 492 habuit,
702 425 836 479 ceterum
857 417 988 479 invisam
1004 419 1125 480 senatui
1137 420 1226 485 inuti-

246 506 367 581 'emqne
381 502 441 564 sibi
455 512 485 564 et
498 502 611 563 civitati
625 518 711 563 suae.
737 501 865 563 Eumeni
879 518 954 564 vero
970 501 1159 578 conspiratio
1174 507 1226 566 ad-

245 605 356 650 versus
377 603 446 647 eum
467 588 606 647 favorem
620 586 706 661 apnd
719 587 875 647 Romanos
896 587 977 646 lecit.
1005 586 1047 647 ita
1069 602 1178 649 omnes
1198 591 1226 649 ei

244 672 380 734 honores
393 670 498 745 habiti,
513 670 657 745 donaque
672 685 763 746 quam
776 670 967 746 amplissima
979 669 1051 730 data
1066 686 1136 731 cum
1150 674 1227 733 sella

245 754 343 818 curuli
357 762 450 831 atque
464 754 600 815 eburneo
615 753 764 828 scipione.

327 840 393 899 XV.
420 838 638 913 Legationibus
660 837 796 897 dimissis
824 852 893 898 cum
911 838 1083 914 Harpalus,
1112 847 1228 914 quanta
1318 864 1319 871 ¹

244 923 378 986 maxima
393 922 546 982 celeritate
559 928 688 997 poterat,
702 936 866 996 regressus
880 920 911 981 in
922 920 1136 983 Macedoniarn
1148 938 1225 984 nun·

243 1008 352 1068 tiasset
364 1006 431 1080 regi
445 1004 580 1064 nondum
595 1003 719 1080 quidem
732 1013 875 1080 parantes
888 1005 1002 1067 bellum
1014 1005 1178 1081 reliquisse
1191 1023 1227 1068 se

243 1091 409 1162 Romanos,
425 1088 483 1149 sed
496 1088 539 1148 ita
551 1088 691 1163 iniestos,
706 1093 741 1150 ut
755 1089 843 1149 lacila
859 1096 1024 1165 appareret
1038 1106 1099 1151 non
1115 1089 1225 1153 dilatu-

243 1190 314 1245 ros,
336 1181 367 1234 et
380 1173 464 1249 ipso,
486 1179 702 1247 praeterquam
723 1174 808 1247 quod
822 1182 853 1234 et
866 1173 909 1233 ita
922 1172 1068 1235 credebat
1082 1175 1227 1249 futurum,

243 1258 303 1318 iarn
330 1257 421 1319 etiam
448 1257 585 1330 volebat,
618 1256 649 1315 in
679 1255 757 1316 ilore
784 1256 894 1318 virium
920 1273 956 1318 se
982 1257 1114 1319 eredens
1141 1274 1225 1319 esse.

242 1340 371 1403 Eumeni
392 1346 462 1401 ante
482 1355 588 1400 omnes
609 1341 741 1402 infestus
762 1348 842 1412 erat;
867 1356 887 1400 a
906 1341 996 1402 euius
1010 1344 1160 1417 sanguine
1175 1359 1223 1403 or·

244 1425 333 1486 diens
348 1426 475 1497 bellum,
498 1424 675 1485 Euandrum
689 1422 882 1498 Cretensem,
904 1425 1014 1485 ducem
1030 1426 1222 1501 auxiliorum,

243 1518 273 1570 et
286 1509 474 1570 Macedonas
494 1514 557 1568 tres
579 1509 726 1570 adsuetos
746 1507 920 1570 ministeriis
934 1508 1038 1572 talium
1054 1509 1224 1571 facinorum

242 1594 283 1653 ad
304 1592 431 1652 eaedem
450 1592 533 1668 regis
555 1593 717 1667 subornat,
738 1592 916 1668 litterasque
938 1593 983 1652 eis
1005 1593 1057 1654 dat
1071 1594 1109 1653 ad
1123 1593 1223 1655 Praxo

242 1675 411 1751 hospitam,
440 1675 610 1752 principem
639 1677 817 1737 auctoritate
839 1685 869 1737 et
890 1675 1002 1752 opibus
1023 1677 1223 1752 Delphorum.

243 1760 500 1820 satis‘constabat
519 1760 695 1835 Eumenem,
722 1769 757 1821 ut
776 1761 965 1821 sacrificaret
977 1759 1131 1835 Apollini,
1151 1761 1222 1821 Del·

244 1843 322 1922 phos
338 1858 548 1904 escensurum.
570 1843 747 1919 praegressi
769 1861 838 1905 eum
859 1844 1004 1905 Euandro
1025 1842 1222 1906 insidiatores
1318 1902 1319 1913 ,

242 1927 314 1987 nihil
336 1926 419 1987 aliud
440 1928 480 1988 ad
500 1929 710 2003 peragendum
723 1929 878 2002 inceptum
894 1944 986 2003 quam
1000 1928 1061 1989 loei
1075 1936 1223 2004 opportu-

242 2012 373 2085 nitatem,
391 2013 492 2073 omnia
507 2012 746 2087 circumeuntes,
762 2012 959 2087 quaerebant
982 2013 1222 2099 escendentibus

241 2096 281 2156 ad
302 2097 447 2171 templum
473 2112 492 2156 a
512 2096 631 2170 Cirrha,
660 2097 842 2173 priusquam
867 2094 1086 2172 perveniretur
1100 2098 1140 2156 ad
1162 2099 1222 2156 ire-

241 2179 367 2255 quentia
381 2180 530 2241 aediliciis
545 2182 628 2255 loca,
651 2178 785 2242 maceria
798 2185 865 2241 erat
879 2181 917 2240 ab
932 2181 1022 2241 laeva
1035 2180 1066 2240 in
1082 2181 1222 2240 semitam

241 2264 363 2339 paulum
384 2272 555 2327 exstantem
576 2282 594 2326 a
615 2265 812 2327 fundamento
835 2282 896 2340 qua
916 2262 1028 2339 singuli
1047 2265 1221 2337 transirent,

241 2348 349 2409 dexha
363 2364 436 2423 pars
456 2349 526 2409 labe
545 2351 692 2409 terracin
707 2349 894 2422 aliquantum
910 2348 1076 2410 altitudinis
1092 2348 1223 2424 derupta

240 2440 314 2492 erat.
344 2438 415 2505 post
435 2432 599 2492 maceriam
617 2447 653 2491 se
675 2433 857 2493 abdiderunt
877 2432 1024 2508 gradibus
1045 2432 1222 2505 adstructis,

239 2523 272 2573 ut
292 2530 332 2574 ex
354 2529 392 2572 ea
411 2516 495 2575 velut
515 2531 533 2574 e
553 2529 640 2573 muro
654 2517 715 2575 tela
728 2514 759 2574 in
775 2522 1019 2590 praetereuntem
1034 2516 1221 2578 conicerent.

240 2596 338 2670 primo
364 2597 485 2656 amari
517 2597 703 2659 circumfusa
728 2599 818 2660 turba
845 2601 1012 2660 amicorum
1039 2616 1076 2660 ac
1109 2599 1222 2660 satelli-

240 2685 301 2740 tum
324 2680 527 2755 procedebat,
548 2680 661 2742 deinde
681 2684 886 2744 extenuabant
899 2684 1046 2758 paulatim
1061 2681 1224 2758 angustiae

240 2777 359 2836 agmen.
381 2764 433 2824 ubi
448 2766 489 2826 ad
503 2781 571 2826 eum
588 2766 689 2827 locum
704 2776 829 2828 ventum
843 2774 901 2840 est,
924 2784 986 2842 quo
1001 2766 1131 2842 singulis
1146 2782 1221 2826 enn-

238 2847 405 2919 duruerat,
429 2850 545 2925 primns
567 2851 706 2912 semitam
726 2851 887 2926 ingressus
900 2851 1067 2912 Pantaleon
1082 2850 1224 2910 Aetoliae

239 2930 400 3007 princeps,
424 2949 492 2995 cnm
514 2952 576 3009 qno
597 2934 754 2998 institutus
774 2934 840 3010 regi
855 2951 956 2996 sermo
972 2941 1047 2994 erat
1068 2942 1132 2996 tum
1147 2931 1223 2993 insi-

240 3012 374 3075 diatores
389 3019 488 3078 exorti
509 3035 587 3080 saxa
600 3019 662 3081 duo
677 3020 811 3094 ingentia
825 3018 1006 3090 devolvunt,
1031 3034 1163 3094 quorum
1178 3017 1223 3076 al-

237 3103 304 3157 tero
321 3101 519 3175 caputiatum
535 3109 582 3163 est
595 3104 671 3179 regi,
687 3105 782 3164 altero
797 3103 960 3174 humerus3
982 3103 1166 3178 sopitusque
1181 3115 1224 3160 ex

238 3183 348 3243 semita
368 3185 500 3257 proclivi
520 3187 580 3247 ruit
598 3187 630 3247 in
653 3187 787 3261 declive,
810 3187 910 3247 multis
931 3202 1026 3261 super
1041 3187 1226 3261 prolapsum

237 3263 296 3326 iarn
313 3267 399 3327 saxis
415 3268 581 3342 congestis.
611 3278 642 3330 et
656 3272 749 3330 ceteri
765 3268 889 3345 quidem
904 3270 994 3332 etiam
1010 3269 1179 3331 amicorum
1194 3275 1227 3328 et

238 3349 412 3425 satellitum,
432 3359 596 3427 postquam
611 3354 771 3413 cadentem
785 3353 900 3427 videre,
915 3350 1093 3428 diffugiunt:
1113 3352 1224 3412 Panta-

239 3432 308 3495 leon
322 3442 498 3497 constanter
510 3436 685 3511 impavidus
696 3438 807 3497 mansit
821 3437 860 3496 ad
872 3437 1095 3512 protegendum
1105 3450 1224 3511 regem.
