2642 4017
208 217 270 282 152
326 215 442 276 LIBER
454 213 544 276 XLII.
558 211 641 274 CAP.
652 220 696 276 28.
712 217 749 286 [ι.
761 216 796 269 U.
809 234 833 270 c.
843 219 906 274 580·
921 234 947 271 a·
958 217 991 270 C.
1005 217 1067 284 172]

207 368 299 433 rediit
311 367 467 444 aliquanto
483 366 584 426 serius
600 381 693 440 quam
704 370 829 425 senatus
841 372 1013 440 censuerat,
1028 366 1077 426 cui
1089 367 1192 442 primo

210 466 336 529 qaoque
357 457 495 526 tempore
515 449 711 523 magistratus
725 446 838 523 creari,
860 462 931 509 cum
944 454 1061 510 tantum
1075 449 1192 513 bellum

208 536 392 608 immineret,
414 548 480 594 cre
495 531 620 607 publica
632 530 733 592 visum
749 537 823 592 crat
844 531 950 606 itaque
963 549 1025 594 non
1040 533 1191 595 morandis

207 619 334 681 auribus
349 626 470 694 patrum
483 615 606 676 auditus
621 623 671 677 est
683 615 801 689 consul,
823 630 892 675 cum
906 615 937 674 iu
949 617 1028 676 aede
1040 615 1191 678 Bellonae

207 704 246 764 de
267 702 361 764 rebus
382 701 412 759 in
432 698 596 774 Liguribus
617 698 713 774 gestis
734 699 910 759 dissereret
931 700 1194 761 succlamationes

208 788 388 863 trequentes
409 791 495 844 eraut
514 780 849 857 interrogationesque,
870 797 926 842 cur
944 784 1063 844 scelere
1084 784 1189 844 tramis

207 884 379 946 oppressos
392 866 521 942 Ligures
542 866 573 925 in
587 866 757 926 libertatem
771 881 833 926 nen
847 864 1042 927 restituisset
1065 865 1191 929 comitia

206 953 389 1023 consularia,
405 950 436 1009 in
452 965 544 1023 quam
558 949 659 1009 edicta
673 954 760 1008 erant
773 948 869 1022 diem
886 957 957 1011 ante
972 948 1054 1009 diem
1068 949 1189 1011 duode-

206 1037 316 1095 cimum
335 1033 404 1093 Kal
425 1031 550 1093 Martias
572 1038 643 1093 sunt
656 1031 768 1092 habita.
792 1032 1046 1094 creaticonsules
1059 1032 1092 1091 Ρ.
1107 1033 1188 1094 Lici-

206 1119 276 1177 nius
292 1117 423 1179 Crassus
438 1116 469 1176 C.
487 1113 613 1176 Cassius
633 1115 801 1190 Longinus.
824 1123 949 1191 postero
963 1117 1013 1176 die
1027 1124 1187 1191 praetores

205 1201 277 1262 lacti
298 1200 329 1260 C.
350 1198 506 1274 Sulpicius
528 1198 624 1259 Galba
645 1198 680 1257 L.
700 1197 810 1259 Furius
829 1198 934 1261 Philus
959 1198 994 1259 L.
1023 1199 1187 1262 Canuleius

205 1284 298 1345 Dives
321 1284 352 1344 C.
372 1283 531 1343 Lucretius
553 1282 659 1343 Gallus
680 1280 711 1341 C.
728 1282 872 1343 Caninius
886 1282 1013 1343 Rebilus
1027 1283 1063 1342 L.
1076 1282 1186 1343 Villius

204 1368 342 1428 Annalis.
371 1367 419 1427 bis
434 1365 628 1441 praetoribus
650 1365 827 1441 provinciae
842 1365 999 1440 decretae,
1025 1366 1105 1427 duae
1119 1367 1186 1427 iure

204 1451 321 1512 Romae
332 1451 474 1526 dicendo,
485 1448 637 1525 Hispania
646 1455 678 1511 et
688 1447 792 1509 Sicilia
803 1457 834 1510 et
843 1447 995 1523 Sardinia,
1004 1456 1039 1511 ut
1050 1451 1103 1511 uni
1114 1466 1186 1512 sors

206 1535 324 1610 integra
335 1543 427 1610 esset,
441 1549 502 1610 quo
514 1539 641 1595 senatus
653 1533 835 1593 censuisset.
851 1533 1031 1594 consulibus
1042 1533 1185 1609 designa-

207 1617 244 1679 tis
265 1618 426 1693 imperavit
446 1624 588 1692 senatus,
613 1625 648 1679 ut
667 1633 730 1693 qua
750 1617 801 1676 die
822 1617 1032 1691 magistratum
1046 1617 1184 1692 inissent,

205 1701 314 1762 hostiis
328 1701 497 1762 maioribus
511 1701 568 1761 rite
582 1700 721 1762 mactatis
739 1709 952 1776 precarentur,
972 1707 1007 1762 ut
1021 1703 1107 1777 quod
1120 1702 1184 1762 bel-

204 1785 268 1845 lum
288 1785 422 1860 populus
443 1785 601 1846 Romanus
622 1785 653 1845 in
674 1784 776 1845 animo
795 1784 927 1846 baberet
946 1799 1071 1860 gerere,
1099 1785 1185 1846 ulid

207 1884 391 1949 prosperum
405 1867 551 1939 evenimt.
577 1869 688 1928 eodem
702 1868 753 1928 die
767 1867 904 1930 decrevit
917 1876 1058 1943 senatus,
1081 1868 1113 1929 C.
1127 1868 1185 1929 Po·

205 1951 308 2027 pillius
322 1952 431 2013 consul
446 1953 536 2013 ludos
557 1967 614 2028 per
634 1952 702 2012 dies
717 1952 825 2013 decem
839 1953 907 2014 lovi
921 1952 1036 2030 optimo
1050 1953 1184 2014 maximo

205 2044 347 2110 voverat,
368 2036 513 2112 donaque
527 2036 608 2096 circa
622 2035 724 2096 omnia
739 2036 910 2110 pulvinaria
924 2036 999 2111 dari,
1020 2035 1049 2098 si
1062 2053 1114 2113 res
1129 2053 1184 2112 pu-

204 2119 286 2179 blica
300 2120 408 2181 decem
422 2137 521 2182 annos
536 2120 567 2180 in
581 2119 691 2181 eodem
707 2125 789 2180 statu
810 2120 930 2182 luisset.
951 2120 994 2180 ita
1006 2129 1041 2182 ut
1055 2135 1184 2182 censue·

203 2210 281 2275 rant,
295 2204 327 2263 in
343 2203 491 2279 Capitolio
507 2204 591 2264 vovit
604 2206 714 2264 consul
724 2204 815 2264 ludos
828 2204 894 2264 lieri
906 2203 1098 2280 denarioque
1107 2204 1184 2279 dari,

206 2293 320 2359 quanta
330 2305 370 2348 ex
381 2289 512 2362 pecunia
523 2288 684 2348 decresset
693 2294 829 2360 senatus,
842 2304 913 2348 cum
923 2295 1045 2349 centum
1055 2296 1087 2348 et
1097 2287 1183 2363 quin-

205 2371 349 2446 quaginta
368 2388 431 2432 non
451 2372 552 2432 minus
573 2372 729 2432 adessent.
764 2378 931 2447 praeeunte
951 2369 1047 2432 verba
1065 2370 1183 2447 Lepido

204 2456 349 2529 pontifice
364 2453 497 2514 maximo
512 2454 545 2513 id
558 2459 663 2514 votum
677 2462 930 2530 susceptumffest
967 2500 970 2506 ι

287 2538 333 2597 Eo
349 2553 429 2596 anno
445 2538 624 2597 sacerdotes
639 2537 756 2611 publici
769 2539 894 2614 monui,
915 2538 1114 2600 L.·Aemilius
1127 2538 1185 2601 Pa:

204 2635 265 2695 pus
286 2619 441 2679 decemvir
463 2635 621 2681 sacrorum
641 2627 673 2681 ct
697 2620 731 2694 Q.
750 2622 877 2684 Fulvius
890 2623 1021 2684 Flaccus
1035 2622 1183 2697 pontifex,

149 2724 150 2727 ¹
206 2702 258 2777 qui
273 2702 376 2777 priore
391 2718 470 2764 anuo
486 2705 585 2763 luerat
598 2718 719 2765 censer.
740 2704 791 2765 hic
806 2707 899 2767 laeda
911 2711 1010 2768 morte
1023 2706 1121 2782 periit
1144 2720 1184 2765 ex

205 2785 326 2846 duobus
341 2785 411 2846 liliis
426 2787 510 2857 eius,
532 2787 662 2862 quitum
677 2788 709 2849 in
723 2789 847 2867 illyrico
860 2789 1044 2864 militabant,
1065 2786 1183 2850 nuntia-

205 2875 268 2928 tum
281 2870 410 2930 alterum
423 2872 589 2945 dcccsu‘csc,
603 2876 730 2934 alterum
743 2873 830 2948 gravi
843 2881 883 2934 et·
887 2873 1063 2949 periculoso
1074 2871 1183 2933 morbo

204 2964 330 3026 aegrum
341 2968 422 3014 esse.
434 2956 536 3016 obruit
546 2957 680 3017 animum
690 2957 780 3018 simul
791 2958 890 3018 luctus
901 2964 1078 3031 metusque:
1092 2971 1184 3016 mane

204 3036 337 3109 ingressi
361 3038 534 3100 cubiculum
555 3041 638 3101 servi
660 3043 771 3115 laqueo
787 3039 1014 3115 dependentem
1028 3040 1183 3101 invenere.

204 3125 271 3178 crat
291 3119 397 3193 opinio
418 3130 491 3197 post
510 3139 673 3185 censuram
694 3123 794 3183 minus
816 3130 991 3200 compotem
1005 3123 1104 3184 luisse
1118 3121 1182 3183 sui:

203 3203 297 3277 vulgo
312 3203 436 3265 lunonis
450 3206 594 3268 Laciniae
607 3205 684 3267 iram
704 3207 744 3267 ob
764 3206 930 3282 spoliatum
949 3208 1095 3282 templum
1111 3206 1184 3266 alie·

204 3302 298 3347 nasse
307 3295 439 3349 mentem
450 3289 597 3351 ferebant
611 3291 761 3351 suffectus
778 3291 809 3350 in
819 3290 939 3351 Aemilii
950 3291 1052 3351 locum
1062 3289 1183 3350 decem·

205 3369 251 3429 vir
264 3370 304 3430 Μ.
317 3372 461 3433 Valerius
475 3372 636 3441 Messana
656 3373 688 3432 in
701 3373 799 3433 Fulvii
813 3374 952 3449 pontifex
965 3372 1021 3434 Cu.
1034 3373 1184 3435 Donritius

205 3452 432 3517 Ahenobarbus
448 3453 565 3530 oppido
581 3456 765 3517 adolescens
780 3458 928 3518 sacerdus
943 3461 992 3515 est
1005 3457 1114 3518 lectus.
