2642 4017
302 235 418 297 LtBER
432 237 494 297 xl.
517 237 600 297 cdl).
616 248 658 301 ιι.
672 248 714 302 is.
738 247 775 315 [a.
788 248 898 315 cmc]
1052 244 1094 311 67

108 387 226 451 sidium
236 404 310 450 esse
322 389 494 466 oportebat,
508 389 551 451 ιιι
561 390 687 452 exitum
698 397 754 452 est
776 394 1094 459 econvivioetcomi·

108 472 283 535 sationibus
297 489 398 549 prope
408 473 615 538 semisomnus
627 480 735 551 raptus
751 492 819 537 sum
831 478 870 538 ad
885 493 1010 540 causam
1025 497 1094 557 par·

106 557 209 618 ricidii
230 556 401 618 dicendam
430 557 497 618 sine
518 559 692 633 advocatis,
713 559 781 620 sine
801 561 963 637 patronis
953 578 1023 638 ipse
1037 580 1094 641 pro

106 640 278 701 medicare
296 655 401 716 cogor.
432 640 459 700 si
474 656 531 716 pro
546 641 606 703 alio
620 641 784 705 dicendum
798 652 897 720 esset,
919 652 1040 721 tempus
1054 648 1095 709 ad

107 723 320 786 meditandum
349 731 380 785 et
411 726 656 823 componendam
684 728 852 789 orationem
880 729 1093 807 sumpsissem,

108 823 181 868 cum
202 806 277 884 quid
297 806 381 868 aliud
397 824 490 883 quam
509 809 622 885 ingenii
636 810 718 871 lama
730 810 938 887 periclitarert
958 813 1093 890 marus,

108 891 187 967 quid
206 889 373 953 arcessitus
387 906 505 967 essem,
526 899 557 954 te
570 893 680 955 iratum
694 901 725 956 et
737 894 889 957 iubentem
903 896 1008 960 dicere
1022 914 1094 960 can·

108 990 186 1048 sam,
202 975 325 1035 iraucm
340 982 535 1037 accusantem
550 975 663 1037 audivi.
695 977 745 1040 ille
759 978 811 1040 diu
825 986 895 1041 ante
910 988 1095 1058 praeparata

107 1058 276 1120 meditata
268 1075 299 1118 m
314 1074 363 1118 me
377 1060 515 1121 oratione
525 1067 574 1121 est
583 1076 676 1121 usust
696 1076 754 1138 ego
766 1062 798 1122 id
811 1071 926 1125 mutum
937 1065 1093 1142 temporis,

109 1158 173 1217 quo
200 1150 365 1203 accusatus
386 1159 471 1217 sum,
497 1144 538 1204 ad
557 1146 821 1220 cognoscendum,
847 1148 921 1223 quid
940 1156 1092 1224 ageretur,

107 1225 213 1286 habui.
238 1233 338 1286 utrum
358 1233 513 1288 momento
533 1227 585 1288 illo
607 1227 703 1289 horae
722 1237 935 1292 accusatorem
955 1231 1091 1293 audirem

108 1326 149 1370 an
163 1309 376 1371 detonsionem
389 1311 574 1371 meditarer!
592 1312 737 1373 attonitus
751 1314 912 1389 repentino
923 1321 1016 1390 atque
1026 1315 1091 1375 ino·

107 1394 215 1469 pinato
230 1395 320 1468 malo,
334 1394 388 1454 vix
403 1394 477 1469 quid
492 1393 665 1456 obiceretur
677 1395 846 1471 intelligere
861 1396 964 1473 potui;
979 1396 1092 1458 nedum

107 1475 186 1538 satis
206 1477 317 1551 sciam,
339 1492 401 1553 quo
422 1477 515 1539 modo
535 1494 584 1539 me
607 1485 702 1539 tuear.
735 1480 809 1555 quid
828 1480 901 1541 milri
915 1481 984 1556 spei
998 1489 1092 1556 esset,

107 1560 169 1621 nisi
181 1567 297 1637 patrem
307 1560 439 1622 iudicem
450 1560 616 1622 haberemr
631 1563 818 1638 apudquem
829 1562 959 1625 etiamsi
970 1565 1092 1626 airaue

108 1660 214 1706 amore
233 1643 356 1718 vincor,
375 1644 586 1707 misericordia
607 1651 691 1706 certe
710 1660 783 1706 reus
802 1645 884 1708 vinci
903 1663 965 1709 non
980 1649 1091 1710 debeo.

107 1745 167 1805 ego
189 1728 270 1788 enim
283 1734 317 1788 ut
330 1744 380 1788 me
395 1726 469 1789 mihi
482 1726 600 1804 tibique
613 1743 723 1790 serves
736 1745 863 1805 precor,
886 1731 937 1793 illc
950 1739 984 1794 ut
997 1748 1046 1793 me
1059 1733 1091 1794 iu

107 1812 304 1873 securitatem
313 1828 400 1873 suam
412 1811 538 1874 occidas
550 1814 693 1888 postulat.
711 1813 784 1887 quid
795 1829 873 1889 eum,
885 1831 1091 1892 cumregnum

107 1897 137 1957 ei
152 1894 328 1969 tradideris,
351 1895 501 1957 iacturum
521 1896 622 1957 credis
642 1895 673 1955 in
688 1912 737 1956 me
758 1912 845 1969 esse,
869 1899 921 1974 qui
935 1899 995 1959 ium
1008 1914 1090 1960 nunc

106 1976 259 2055 sanguine
274 1994 343 2040 meo
358 1977 418 2040 sibi
431 1979 582 2055 indulgeri
597 1996 730 2056 aequum
745 1986 889 2042 ceusctr‘

191 2062 271 2124 XVI.
293 2062 412 2124 Dicenti
431 2061 509 2124 haec
523 2064 666 2124 lacrimae
678 2062 768 2125 simul
783 2061 922 2140 spiritum
937 2072 968 2126 ct
980 2080 1089 2126 vocem

105 2146 352 2209 intercluserunt
380 2145 540 2222 Philippus
555 2148 714 2210 summotis
728 2148 766 2209 iis
782 2146 941 2224 paulisper
954 2150 1089 2211 collocu-

106 2238 157 2292 tus
179 2246 248 2291 cum
268 2230 374 2291 amicis
389 2229 596 2306 pronuntiavit
610 2248 671 2292 non
686 2231 789 2292 verbis
804 2247 841 2293 se
856 2248 914 2293 nec
927 2233 1019 2294 unius
1034 2233 1089 2295 ho·

104 2330 161 2375 rae
181 2313 404 2389 disceptatione
425 2329 551 2374 causam
570 2330 679 2376 eorum
700 2313 950 2388 diiudicatumm,
972 2316 1030 2377 sed
1043 2316 1089 2377 in·

106 2397 257 2476 quirendo
278 2399 308 2457 in
329 2398 490 2474 utriusque
511 2399 601 2460 vitam
622 2414 740 2469 mores,
762 2406 794 2460 et
807 2399 889 2461 dicta
902 2399 1045 2475 iacmque
1057 2399 1089 2460 in

104 2482 226 2558 magnis
247 2482 415 2558 parvisque
433 2481 528 2543 rebus
549 2481 760 2558 observando,
780 2488 814 2544 ut
834 2480 976 2544 omnibus
990 2497 1089 2559 apps-

103 2573 187 2628 reret
200 2565 300 2626 noctis
323 2564 484 2641 proximae
498 2566 611 2627 crimen
626 2567 716 2629 iacile
729 2567 891 2643 revictum,
912 2572 1089 2643 suspectam

104 2648 229 2711 nimiam
250 2665 320 2711 cum
339 2649 487 2711 Romanis
501 2649 645 2711 Demetrii
661 2651 787 2725 gratiam
808 2665 890 2711 esse.
920 2649 997 2712 haec
1016 2651 1087 2711 vivo

103 2734 247 2809 Philippo
265 2734 351 2794 velut
370 2734 487 2795 semina
507 2734 586 2796 iacta
605 2740 679 2795 sunt
690 2733 882 2795 Macedonici
895 2734 982 2809 belli,
1003 2734 1088 2858 qnod

106 2818 237 2878 maxime
252 2833 321 2878 cum
334 2816 448 2879 Perseo
462 2816 630 2893 'gerendum
643 2825 716 2880 erut

192 2901 343 2962 Consules
357 2901 470 2962 ambo
462 2917 493 2960 m
507 2901 649 2977 Ligures,
667 2916 747 2978 quae
761 2908 825 2961 tum
837 2916 899 2961 una
914 2855 1087 2962 consularis

104 2983 266 3061 provincia
284 2990 363 3062 erat,
384 2984 630 3061 proficiscuntur.
667 2994 697 3046 et
717 2984 789 3060 quia
809 2999 958 3059 prospere
976 2982 1018 3044 ibi
1034 2998 1087 3045 res

104 3075 283 3145 gesserunt,
306 3068 519 3145 supplicatio
511 3084 542 3128 m
561 3085 656 3129 unum
674 3068 754 3129 diem
769 3069 892 3128 decreta
906 3075 962 3129 est
994 3067 1086 3143 Ligu·

103 3170 172 3213 rum
193 3153 256 3213 duo
276 3151 360 3212 milia
380 3154 444 3213 tere
465 3153 504 3212 ad
524 3158 693 3214 extremum
712 3152 805 3213 linem
825 3148 1002 3227 provinciae
1017 3151 1087 3212 Gal·

103 3237 178 3310 liae,
200 3235 254 3297 ubi
269 3243 370 3297 castra
384 3236 547 3298 Marcellus
560 3235 706 3309 habebat,
729 3243 892 3312 venemnt‚
912 3234 955 3297 uti
969 3235 1087 3310 recipe·

104 3326 210 3381 rentur
224 3326 359 3382 orantes.
386 3320 550 3381 Marcellus
565 3320 699 3396 opperiri
714 3320 824 3380 eodem
838 3323 908 3382 loco
924 3317 1085 3393 Liguribus

105 3404 199 3465 iussis
220 3410 360 3465 senatum
381 3420 437 3479 per
450 3404 564 3464 litteras
580 3404 741 3465 consuluit.
777 3411 902 3464 senatis
916 3397 1086 3461 rescribere

104 3487 145 3548 M.
160 3486 323 3565 Ogulnium
336 3495 510 3565 praetorem
522 3486 667 3549 Marcello
681 3486 771 3548 iussit
783 3488 886 3630 verius
900 3480 998 3546 luisse
1012 3495 1086 3541 con·
