2642 4017
217 268 227 282 “
251 283 313 345 190
416 281 646 342 amusium.
670 278 752 340 oar.
768 289 794 341 1.
805 289 832 340 n.
856 279 1050 356 [ausast]

249 432 360 493 bellum
372 432 497 492 illatum.
524 437 587 491 tum
599 427 817 504 Aquileienses
838 427 912 489 nihil
926 444 961 491 se
976 430 1053 488 ultra
1074 428 1155 489 scire
1170 444 1230 490 nee

247 516 362 577 audere
375 514 537 576 adfirmare
558 528 650 588 quam
669 512 791 588 triginta
805 511 923 573 dierum
943 512 1125 573 trumentum
1140 511 1229 573 militi

247 600 367 674 datum,
382 605 412 659 et
425 599 522 659 duces
537 595 589 672 qui
605 610 644 656 ex
659 596 745 655 ltalia
760 595 867 655 itinera
881 596 911 654 in
927 595 1140 657 Macedoniam
1152 611 1228 656 nos·

247 689 331 757 sent,
355 681 546 757 conquisitos
568 679 791 754 abductosque.
825 678 980 740 enimvero
1002 687 1128 741 senatus
1149 678 1228 739 indi·

247 767 333 842 gnari
347 773 462 826 tantum
473 763 631 825 consulem
645 778 764 837 ausum,
779 769 813 823 ut
827 778 915 824 suam
928 761 1118 838 provinciam
1134 761 1228 822 relin-

249 855 370 923 queret,
391 849 422 908 iu
443 847 572 908 alienam
592 846 748 920 transiret,
769 846 935 906 exercitum
950 862 1032 908 novo
1050 846 1227 921 periculoso

248 933 354 993 itinere
374 931 452 992 inter
463 936 586 991 exteras
600 934 707 1004 gentes
722 931 862 1003 duceret,
882 928 965 989 viam
984 936 1030 992 tot
1049 928 1226 991 nationibus

247 1015 278 1074 in
292 1013 409 1073 ltaliam
423 1011 563 1089 aperiret
586 1015 754 1074 decernunt
767 1012 958 1087 trequentes,
971 1018 1006 1073 ut
1019 1012 1052 1073 0.
1067 1010 1226 1088 Sulpicius

247 1101 372 1172 praetor
384 1102 447 1156 tres
461 1111 502 1156 ex
516 1102 626 1157 senatu
638 1095 775 1157 nominet
787 1096 921 1171 legatos,
945 1095 998 1171 qul
1012 1110 1051 1157 eo
1065 1095 1115 1156 die
1130 1096 1226 1171 proli-

248 1178 402 1240 ciscantur
415 1194 456 1239 ex
469 1178 560 1254 urbe,
582 1186 613 1241 et
627 1185 772 1254 quantum
796 1180 968 1240 accelerare
983 1185 1127 1255 possent,
1152 1178 1226 1239 Cas-

247 1264 327 1324 sium
342 1263 514 1337 consulem,
534 1263 719 1337 ubicumque
733 1263 785 1336 sit,
808 1269 1051 1338 persequentum
1078 1261 1225 1337 nuntient,

247 1347 412 1408 nobellum
433 1362 501 1407 cum
515 1346 578 1407 ulla
591 1353 682 1422 gente
695 1353 831 1419 moveat,
851 1345 911 1406 nisi
928 1363 997 1407 oum
1018 1361 1082 1421 qua
1097 1353 1226 1407 senatus

247 1432 416 1507 gerendum
432 1437 603 1492 censuerat
631 1429 722 1505 legati
741 1427 774 1490 hi
788 1429 918 1504 protecti
937 1428 978 1489 Μ.
994 1428 1152 1490 cornelius
1168 1428 1226 1490 Ge

233 1514 356 1591 ,thequa
366 1513 538 1575 M.Fulvius
549 1513 581 1573 P.
588 1513 722 1574 Marcius
731 1512 808 1574 Rex.
830 1518 930 1573 metus
942 1513 982 1573 de
993 1511 1121 1573 consule
1131 1517 1226 1591 atque

247 1599 383 1661 exercitu
397 1597 513 1659 distulit
527 1612 565 1658 eo
580 1605 718 1673 tempore
732 1595 913 1657 muniendae
929 1595 1088 1672 Aquileiae
1108 1610 1225 1657 curam.

331 1681 367 1740 ll.
384 1681 551 1755 Hispaniae
565 1680 676 1740 deiude
687 1679 844 1755 utriusque
858 1679 949 1754 legati
963 1679 1079 1754 aliquot
1093 1682 1226 1757 populo·

246 1780 313 1824 rum
326 1764 357 1823 in
372 1770 510 1824 senatum
525 1763 699 1825 introducti.
727 1762 748 1824 ii
770 1763 810 1823 de
826 1762 1056 1838 magistratuum
1069 1763 1225 1825 Romano·

247 1862 314 1907 rum
328 1844 454 1907 avaritia
476 1846 681 1923 superbiaque
696 1844 872 1921 conquesti,
892 1846 957 1907 nixi
970 1845 1100 1922 genibus
1121 1846 1159 1906 ab
1174 1862 1224 1907 se·

248 1937 321 1992 natu
340 1929 505 2007 petierunt,
530 1946 570 1990 ne
590 1945 625 1989 se
644 1932 750 1992 socios
770 1929 891 1991 loedius
906 1931 1032 2006 spoliari
1053 1930 1226 2005 vexarique

248 2031 340 2091 quam
360 2014 467 2076 hostes
483 2015 642 2090 patiamur.
670 2031 739 2075 oum
758 2021 788 2074 et
802 2013 862 2074 alia
874 2014 999 2090 indigna
1013 2022 1224 2091 quererentur,

246 2100 438 2160 manifestum
449 2104 549 2159 antem
560 2105 644 2158 esset
652 2098 801 2174 pecunias
810 2105 925 2174 captas,
935 2098 968 2158 L.
978 2096 1122 2159 Canuleio
1133 2113 1224 2174 prae·

246 2183 319 2256 tori,
334 2182 386 2258 qui
397 2182 575 2259 Hispaniam
590 2179 715 2244 sortitus
730 2182 978 2258 ercumgotam
994 2182 1174 2257 detumeat,
1189 2187 1225 2242 ut
1319 2182 1320 2249 J

247 2265 278 2324 in
290 2266 442 2341 singulos,
455 2281 474 2326 a
485 2263 596 2341 quibus
607 2263 737 2341 Hispani
749 2266 897 2342 pecunias
907 2271 1096 2342 repeterent,
1111 2264 1246 2341 quinos=
1319 2262 1320 2287 ⁴

246 2349 467 2425 reciperatores
479 2348 636 2409 ert-ordine
647 2348 802 2411 senatorio
813 2350 907 2426 daret,
920 2356 1130 2424 patronosque
1141 2364 1224 2424 quos
1319 2356 1320 2361 ’

246 2432 359 2493 vellent
373 2431 513 2492 sumendi
526 2437 710 2504 potestatem
724 2433 846 2492 laceret.
875 2433 993 2494 vocaus
1006 2431 1037 2493 in
1051 2432 1166 2493 curiam
1178 2430 1226 2492 le-

246 2517 324 2590 gatis
338 2515 495 2574 recitatum
509 2518 558 2572 est
569 2519 696 2573 senatus
708 2517 894 2591 consultum,
909 2516 1049 2592 iussique
1065 2514 1225 2576 nominare

245 2604 393 2671 patronos
421 2601 563 2669 quattuor
583 2594 830 2671 nominaverunt,
855 2599 896 2660 Μ.
916 2599 1057 2661 Porcium
1078 2598 1224 2659 Catonem

245 2679 277 2736 P.
294 2677 465 2737 cornelium
479 2676 532 2737 cn.
547 2678 581 2739 F.
600 2678 777 2755 Scipionem
788 2681 821 2741 L.
837 2683 998 2743 Aemilium
1006 2682 1040 2742 L.
1051 2682 1084 2743 F.
1096 2682 1235 2743 Paulum.
1318 2688 1319 2719 ³

247 2760 277 2820 c.
291 2759 459 2836 Sulpicium
473 2760 599 2823 Gallum.
622 2778 691 2824 cum
702 2764 742 2825 Μ.
753 2764 860 2825 Titinio
872 2762 1017 2840 primunr,
1033 2766 1086 2841 qui
1100 2766 1225 2842 p'raetor

245 2844 284 2904 A.
295 2844 407 2906 Manlio
418 2844 459 2906 Μ.
471 2845 558 2907 lunio
570 2846 748 2908 consulibus
761 2847 792 2908 iu
803 2847 943 2910 citeriore
952 2850 1101 2926 Hispania
1114 2849 1224 2923 luerat,

245 2927 469 3003 reciperatores
484 2937 690 3007 sumpserunt.
712 2930 761 2992 bis
772 2931 947 3006 ampliatus,
962 2932 1051 2994 tertio
1062 2932 1224 2994 absolutus

246 3016 294 3072 est
306 3027 389 3072 reus.
412 3013 567 3075 dissensio
578 3014 656 3075 inter
666 3014 795 3075 duarum
806 3014 1029 3090 provinciarum
1042 3016 1161 3091 legatos
1174 3021 1224 3076 est

247 3099 329 3154 ortae
357 3095 504 3158 citerioris
524 3096 691 3173 Hispaniae
711 3098 818 3172 populi
834 3097 874 3158 Μ.
891 3097 1035 3159 catonem
1058 3104 1089 3160 et
1102 3095 1222 3173 scipio-
1315 3120 1318 3167 J

246 3191 331 3252 nem,
351 3178 504 3241 ulterioris
519 3180 552 3240 L.
567 3180 694 3241 Paulum
711 3186 742 3240 et
756 3180 874 3241 Gallum
887 3180 1054 3257 Sulpicium
1074 3187 1223 3256 patronos

246 3271 452 3338 sumpserunt
468 3265 507 3324 ad
518 3263 741 3339 reciperatores
753 3263 876 3324 adducti
889 3279 908 3323 a
923 3262 1113 3326 citerioribus
1122 3279 1223 3340 popu·

246 3345 283 3405 lis
297 3345 330 3405 1³.
344 3346 454 3406 mutus
467 3345 586 3419 Philus,
601 3345 640 3404 ab
654 3345 849 3406 ulterioribus
862 3345 1084 3409 titillationum
1104 3346 1155 3407 ille
1166 3344 1222 3421 Sp.

248 3426 400 3491 Postumio
417 3427 450 3501 Q.
465 3427 566 3487 Mucio
582 3428 761 3490 consulibus
781 3427 910 3490 triennio
925 3435 1010 3505 ante,
1031 3429 1082 3491 bic
1097 3428 1223 3491 biennio

246 3512 348 3588 prins,
362 3512 396 3572 L.
410 3508 565 3571 Postumio
579 3509 620 3569 Μ.
634 3510 766 3588 Popillio
781 3511 959 3574 consulibus
975 3517 1101 3589 praetor
1113 3513 1224 3573 luerat.
