2642 4017
254 298 370 362 LIBER
381 298 485 359 xilv.
506 300 588 359 CAP.
600 307 644 361 ar.
656 308 756 363 eaeo.
773 307 809 374 [a.
823 308 855 359 c.
871 308 930 376 ree]
1016 301 1080 366 239

98 455 177 519 toris
204 454 349 515 accidens
377 454 407 513 in
434 459 615 528 potestatem
637 467 709 527 sese
730 453 822 514 dedit.
850 453 948 529 primo
968 456 1082 518 bonum

100 541 236 602 animum
250 538 364 599 babere
375 536 490 612 iussus,
507 537 546 597 ad
558 552 665 597 cenam
677 537 767 598 etiarn
779 536 922 600 invitatus
934 538 963 598 in
973 540 1081 601 urbem

100 626 140 685 ad
168 638 244 685 suos
268 621 365 683 rediit.
393 627 424 681 et
449 636 518 681 cum
539 628 681 707 prae-tore
706 637 745 682 eo
771 620 822 681 die
845 620 1014 683 lionoridcc
1035 633 1082 686 est

100 706 260 785 epulatus,
283 703 394 767 deinde
414 704 444 764 in
461 703 631 765 custodiam
650 705 682 766 C.
699 703 807 766 Cassio
821 705 942 768 tribune
957 706 1081 769 militum

102 792 246 864 traditus,
266 787 318 849 vix
336 788 515 864 gladiatorio
536 795 664 864 accepto
687 789 793 850 decem
814 789 934 851 talentis
955 790 995 851 ab
1009 806 1082 868 rege

101 891 167 950 rex,
182 882 217 936 ut
230 875 260 934 in
275 887 343 933 eam
357 873 508 934 ionunam
523 871 702 936 resciderat
723 871 841 933 XXXII.
862 873 990 935 Anicius
1006 873 1081 937 Sco·

101 961 158 1021 dra
171 965 296 1034 recepta
311 956 384 1017 nihil
399 956 486 1033 prius
503 972 594 1033 quam
608 955 776 1033 requisltos
790 956 940 1018 Petillium
952 956 1081 1035 Perper·

101 1057 236 1118 namque
256 1042 375 1116 legatos
391 1040 430 1101 ad
445 1056 480 1102 se
495 1039 566 1101 duci
581 1040 679 1101 iussit.
709 1040 820 1117 quibus
842 1042 1009 1117 splendore
1023 1058 1080 1105 suo

100 1127 240 1188 restituto
254 1124 609 1199 Perpernam'extemplo
623 1124 711 1186 mittit
721 1125 762 1193 ad
773 1125 1080 1202 comprehendendos

101 1210 220 1271 amicos
246 1208 457 1283 cognatosque
480 1208 582 1283 regis;
615 1207 667 1283 qui
691 1207 878 1283 Meteonem,
905 1209 1081 1271 Labeatium

101 1293 201 1372 gentis
216 1291 338 1366 urbem,
361 1291 519 1367 proiectus
534 1291 671 1352 Etlevam
686 1307 815 1354 uxorem
830 1302 899 1354 cunr
919 1292 989 1353 dlils
1005 1293 1080 1356 duo·

100 1379 176 1451 bus,
205 1374 403 1439 Scerdilaedo
428 1374 647 1451 Pleuratoque,
674 1382 704 1437 et
725 1374 938 1436 Caravantium
959 1376 1080 1437 tratrem

102 1461 253 1525 Scodram
267 1457 297 1519 in
314 1465 416 1519 castra
430 1458 566 1519 adduxit.
580 1458 710 1519 AnicIus
725 1459 805 1520 bello
817 1459 922 1537 Illyrio
937 1458 1015 1519 intra
1029 1458 1080 1520 tri·

101 1547 186 1623 ginta
200 1544 266 1605 dies
281 1543 417 1619 perlecto
439 1540 576 1602 nuntium
591 1539 739 1603 victoriae
755 1541 940 1618 Perpernam
953 1542 1080 1609 Romam

101 1629 192 1702 misit,
208 1634 239 1689 et
253 1633 326 1703 post
339 1626 407 1688 dies
426 1641 543 1702 paucos
556 1625 695 1685 Gentium
706 1640 810 1700 regem
825 1625 928 1700 ipsum
943 1641 1011 1686 cum
1027 1642 1081 1702 pa-

101 1720 189 1777 rente
213 1710 344 1787 coniuge
368 1726 406 1771 ac
429 1708 534 1770 liberis
559 1724 596 1768 ac
621 1709 714 1770 tratre
734 1706 866 1784 aliisque
890 1707 1081 1786 principibus
1151 1774 1155 1780 ,

100 1796 282 1877 Illyriorum.
314 1794 375 1855 hec
398 1810 491 1854 unum
516 1793 627 1853 bellum
654 1791 740 1868 prius
760 1800 967 1869 perpetratum
989 1811 1082 1871 quam

90 1887 246 1957 'coeptum
260 1880 375 1940 Romae
390 1875 526 1939 auditum
541 1883 597 1937 est.

189 1962 305 2039 Quibus
326 1961 436 2023 diebus
456 1961 533 2021 haer
547 1962 739 2037 agebantur,
763 1960 896 2024 Perseus
912 1980 1037 2040 quoque
1052 1965 1081 2023 in

100 2064 212 2124 magne
234 2054 351 2108 terrore
372 2052 436 2107 erat
451 2052 578 2121 propter
592 2044 758 2106 adventum
772 2043 861 2105 simul
875 2047 995 2118 Aemilii
1011 2047 1082 2108 novi

99 2128 248 2213 'consulis
265 2146 441 2208 quem-cum
455 2129 629 2206 ingentibus
645 2128 735 2190 minis
749 2128 916 2190 aduentare
930 2129 1082 2206 audiebat,

102 2216 193 2278 simul
214 2213 329 2277 Octavii
350 2214 512 2291 praetoris.
533 2230 592 2276 nec
608 2213 710 2274 minus
731 2213 858 2275 terroris
874 2229 892 2273 a
906 2213 1008 2273 classe
1021 2215 1082 2274 Ro*

103 2317 192 2361 mana
205 2306 236 2360 et
255 2299 392 2376 periculo
413 2297 581 2360 maritimae
597 2313 671 2359 orae
685 2296 826 2357 babebat.
846 2295 1082 2359 Thessalonicae

102 2386 255 2446 Eumenes
276 2389 307 2444 et
320 2382 533 2459 Athenagoras
549 2388 713 2459 praeerant
728 2396 796 2442 cum
812 2396 909 2456 parvo
924 2381 1081 2456 praesidio

103 2469 233 2530 duorum
248 2467 361 2529 milium
378 2474 589 2529 caetratorum.
606 2483 644 2528 eo
659 2471 689 2525 et
702 2466 878 2526 Androclen
893 2466 1082 2541 praelectum

101 2552 197 2625 mittit,
213 2552 333 2613 iussum
349 2551 406 2611 sub
421 2551 499 2627 ipsis
514 2549 676 2625 navalibus
692 2556 793 2610 castra
808 2548 932 2610 trabere.
953 2549 1081 2610 Aenean
1104 2626 1107 2629 ι

101 2636 184 2696 mille
201 2636 322 2710 equites
338 2665 380 2677 -
395 2643 536 2710 praeerat
548 2636 640 2696 Meno
654 2633 876 2710 Antigonensis
890 2667 933 2680 -
946 2630 1028 2694 misit
1043 2633 1081 2693 ad

102 2718 258 2779 tutandam
278 2717 457 2778 maritimam
478 2733 577 2791 oram,
599 2725 632 2778 ut
654 2732 850 2793 quocumque
870 2718 971 2779 littore
985 2718 1082 2793 appli-

104 2801 210 2860 cuisse
230 2814 326 2859 naves
346 2798 480 2859 hostium
501 2800 676 2872 audissent,
698 2798 852 2873 extemplo
869 2801 982 2862 terrent
996 2816 1083 2876 agre·

104 2883 204 2946 stibus
225 2897 326 2957 opem.
355 2881 491 2956 quinque
511 2882 593 2942 milia
606 2882 810 2943 Macedonum
831 2882 926 2942 missa
941 2883 980 2943 ad
996 2900 1083 2959 prae·

104 2966 216 3029 sidium
231 2965 330 3045 Pythii
345 2972 375 3024 et
388 2965 504 3041 Petrae,
521 2964 632 3040 quibus
647 2963 818 3040 praepositi¹
831 2973 916 3027 erant
929 2966 1082 3028 Histiaeus

56 3076 59 3081 >
102 3060 134 3114 et
144 3051 325 3127 Theogenes
341 3057 371 3112 et
382 3047 497 3110 Midon.
513 3047 561 3109 his
577 3045 840 3123 protectisripar'n
848 3048 965 3110 munire
974 3049 1082 3127 Enipei

102 3133 238 3198 fluminis
259 3134 429 3210 adgressus
444 3139 507 3208 est,
529 3133 601 3208 quia
618 3131 703 3192 sicco
718 3132 805 3192 alveo
820 3132 942 3195 transiri
956 3142 1083 3211 poterat.

102 3220 174 3282 huic
197 3227 230 3281 ut
250 3218 350 3281 omnis
372 3217 532 3279 multitudo
547 3222 681 3291 vacaret,
702 3215 832 3277 feminae
847 3233 886 3279 ex
900 3219 1083 3296 propinquis

103 3304 232 3366 urbibus
252 3310 341 3365 cocta
362 3300 476 3363 cibaria
497 3301 527 3362 in
547 3297 855 3364 casira'adlerebanta
876 3301 965 3364 miles
980 3303 1083 3363 iussus

104 3403 143 3449 ex
159 3387 343 3465 propinquis
358 3386 444 3449 silvis
460 3385 592 3463 benigne

104 3553 237 3617 xxxtll.
263 3557 601 3631 conterre,p0s⁴.remo
623 3552 714 3631 sequi
736 3568 770 3614 se
792 3550 921 3614 utrarios
937 3546 976 3607 ad
991 3561 1084 3622 mare,
