2642 4017
233 275 275 342 76
404 278 520 338 LIBER
532 279 592 339 XL.
618 278 702 338 cAP.
718 284 818 341 mm.
843 283 1036 353 [aua-su]

231 437 308 491 rent
329 428 513 505 permissum
528 435 569 501 ut,
585 445 648 504 que
661 428 754 503 irent,
770 428 910 504 protinus
925 429 1091 490 subitarios
1106 428 1218 493 milites

231 513 401 576 scriberent
420 513 629 587 ducerentque
649 527 766 573 secum.
794 520 825 572 et
838 513 1032 588 praetoribus
1048 513 1082 588 Q.
1098 513 1219 576 Petillio

230 604 261 658 et
275 597 309 672 Q.
324 596 420 658 Fabio
440 597 623 672 imperatum
643 603 706 671 est,
727 602 761 657 ut
774 595 909 658 Petillius
925 597 1004 657 duas
1019 597 1158 672 legiones
1174 595 1218 659 ei·

230 682 313 742 mum
327 681 535 741 Romanorum
555 679 765 741 tumultuarias
787 681 935 742 scriberet
951 688 982 741 et
996 696 1103 742 omnes
1118 679 1216 743 mino·

229 781 282 826 res
298 763 520 840 quinquaginta
532 764 620 825 annis
637 771 829 825 sacramente
843 771 982 839 rogaret,
996 763 1103 839 Fabio,
1117 771 1151 825 ut
1164 781 1217 826 so·

230 848 287 910 ciis
301 849 398 909 Latini
413 847 545 910 nominis
561 848 737 924 quindecim
751 847 834 908 milia
848 848 1000 923 peditum,
1023 848 1217 923 octingentos

230 933 351 1009 equites
365 933 538 1008 imperaret.
559 932 711 993 duumviri
725 934 850 992 navales
866 931 959 992 creati
974 931 1006 992 0.
1018 930 1171 995 Matienus
1186 942 1218 994 et

230 1017 261 1078 0.
272 1016 441 1092 Lucretius,
456 1031 616 1092 navesque
626 1015 665 1075 iis
678 1022 805 1077 ornatae
816 1023 895 1088 sunt,
907 1015 1113 1092 Matienoque,
1126 1015 1215 1078 cuius

230 1100 269 1160 ad
289 1099 436 1160 Gallicum
450 1102 551 1162 sinum
564 1098 726 1175 provincia
740 1106 813 1174 erat,
827 1100 1009 1175 imperatum
1020 1107 1075 1172 est,
1091 1106 1126 1160 ut
1136 1101 1215 1161 clas·

229 1198 295 1244 sem
315 1183 414 1259 prinae
430 1199 556 1260 quoque
567 1189 706 1259 tempore
720 1184 846 1244 duceret
859 1184 890 1243 in
903 1182 1049 1258 Ligurum
1063 1198 1164 1256 oram,
1187 1181 1214 1245 si

230 1284 292 1344 quo
316 1269 387 1328 usui
411 1272 484 1328 esse
503 1268 537 1329 L.
557 1268 688 1329 Aemilio
715 1274 808 1342 atque
832 1268 898 1329 eius
924 1267 1075 1327 exercitui
1094 1274 1213 1341 posset.

227 1350 349 1413 XXVII.
370 1353 528 1424 Aemilius,
543 1357 711 1426 postquam
725 1351 800 1412 nihil
810 1366 942 1427 usquam
954 1349 1059 1411 auxilii
1070 1351 1213 1411 ostende-
1312 1374 1313 1385 ¹

227 1436 325 1510 batur,
341 1434 530 1512 interceptos
545 1436 675 1496 credens
690 1435 826 1511 equites,
840 1452 902 1496 non
915 1436 996 1495 ultra
1010 1433 1212 1498 differendum

227 1529 322 1596 ratus,
339 1519 412 1596 quin
426 1536 483 1596 per
497 1535 532 1580 se
546 1520 698 1581 sonunam
712 1525 888 1594 temptaret,
911 1519 1092 1594 priusquam
1106 1517 1212 1580 hostes

228 1604 381 1678 venirent,
397 1605 448 1679 qui
462 1605 522 1664 iam
537 1605 664 1679 segnius
679 1602 906 1678 socordiusque
920 1602 1156 1678 oppugnabant,
1173 1602 1214 1664 ad

229 1694 373 1762 quattuor
392 1695 499 1764 portes
519 1689 686 1749 exercitum
707 1686 864 1760 instruxit,
885 1693 918 1746 ut
932 1687 1020 1761 signo
1037 1686 1108 1747 dato
1123 1686 1214 1748 simul

228 1785 268 1829 ex
289 1770 428 1831 omnibus
449 1771 588 1846 partibus
610 1773 801 1848 eruptionem
822 1772 966 1832 lacerent
996 1777 1140 1845 quattuor
1159 1786 1211 1831 ex-

227 1853 436 1915 traordinariis
457 1854 634 1917 cohortibus
656 1856 735 1917 duas
749 1856 889 1916 adiunxit
902 1853 1080 1930 praeposito
1095 1854 1135 1915 M.
1150 1854 1213 1915 Va-

226 1938 302 1999 lerio
331 1939 447 2014 legato,
476 1955 638 2015 erumpere
665 1940 907 2000 extraordinaria
931 1945 1022 2014 porta
1043 1937 1142 2000 iussit.
1172 1939 1213 1999 ad

227 2022 365 2082 dextram
385 2024 585 2099 principalem
605 2021 745 2084 hastatos
765 2022 896 2097 legionis
916 2023 1035 2099 primae
1054 2023 1211 2092 instruam

229 2106 388 2183 principes
410 2123 450 2166 ex
467 2108 575 2166 eadem
595 2108 717 2182 legione
731 2107 762 2166 in
778 2106 925 2167 subsidiis
941 2106 1062 2182 poenita
1084 2107 1124 2167 hl.
1142 2105 1211 2168 Ser·

226 2187 317 2250 vilius
332 2196 363 2251 et
376 2191 409 2251 L.
422 2189 578 2267 Sulpicius
593 2191 706 2252 tribuni
720 2191 847 2251 militurn
861 2188 910 2251 his
921 2191 1100 2267 praepositi.
1124 2191 1213 2252 tertia

225 2274 306 2348 legio
322 2274 472 2336 adversus
485 2275 684 2352 principalem
698 2275 852 2336 sinistram
863 2282 984 2350 portam
994 2275 1145 2336 instructa
1154 2280 1211 2336 est

225 2357 258 2419 id
270 2366 384 2420 tantum
400 2367 555 2432 mutatum,
572 2359 729 2436 principes
744 2359 834 2435 primi
849 2366 879 2420 et
892 2359 1004 2419 hastati
1019 2356 1050 2418 in
1062 2358 1211 2420 subsidiis

166 2491 168 2494 ⁴
225 2443 331 2503 locati=
354 2443 426 2503 Sex.
438 2445 533 2505 Iulius
549 2445 662 2503 Caesar
677 2451 707 2504 et
719 2443 754 2503 L.
768 2443 914 2504 Aurelius
930 2442 1018 2505 Cotta
1029 2443 1143 2505 tribuni
1156 2445 1210 2504 mi·

225 2526 310 2586 litum
323 2525 395 2587 huic
409 2526 523 2601 legioni
537 2525 708 2602 praepositi
723 2533 804 2587 sunt.
833 2527 866 2599 Q.
881 2526 1008 2588 Fulvius
1022 2527 1154 2588 Flaccus
1168 2529 1210 2587 le÷

225 2615 315 2683 gatus
341 2625 410 2669 cum
434 2609 543 2670 dextra
567 2611 617 2670 ala
636 2610 676 2670 ad
698 2609 905 2685 quaestoriam
929 2619 1050 2686 portam
1070 2610 1210 2687 positusr

225 2690 305 2751 duae
332 2692 474 2753 cohortes
497 2701 527 2754 et
544 2692 638 2753 triarii
664 2695 793 2754 duarum
818 2695 973 2769 legionum
997 2696 1028 2755 in
1053 2694 1210 2771 praesidio

225 2780 397 2863 castrorum
420 2793 546 2838 manere
565 2777 652 2838 iussi.
685 2793 792 2840 omnes
813 2785 920 2855 portas
942 2779 1210 2840 contionabundus

224 2856 294 2934 ipse
318 2861 485 2936 imperator
504 2862 666 2938 circumiit,
692 2869 723 2924 et
743 2863 990 2939 quibuscumque
1014 2862 1209 2925 irritameutIs

224 2949 345 3018 poterat
364 2944 426 3006 iras
445 2947 573 3007 militum
592 2948 738 3024 acuebat,
760 2962 842 3011 nunc
863 2948 1002 3008 fraudem
1016 2949 1151 3009 hostium
1164 2946 1209 3008 in·

226 3042 349 3104 cusans,
365 3029 418 3105 qui
432 3047 511 3106 pace
526 3031 629 3107 petita,
644 3031 770 3093 indutiis
785 3032 874 3107 datis,
893 3047 948 3109 per
961 3033 1063 3108 ipsum
1079 3032 1209 3093 indutia-

222 3126 291 3171 rum
304 3117 426 3188 tempus
441 3121 547 3175 contra
561 3116 609 3176 ius
621 3117 756 3192 gentium
770 3118 811 3176 ad
822 3125 924 3178 cestra
935 3117 1146 3192 oppugnando
1157 3131 1209 3175 ve·

223 3195 357 3257 nissent=
380 3213 461 3258 nunc
477 3205 609 3274 quantus
624 3201 727 3275 pudor
738 3206 823 3261 esset
836 3201 974 3263 edocens
985 3200 1025 3262 ab
1036 3201 1208 3276 Liguribus,

221 3279 390 3342 latronibus
404 3283 508 3344 verius
524 3300 616 3359 quam
629 3284 771 3345 hostibus
785 3284 890 3359 iustis,
905 3285 1078 3347 Romanurn
1091 3284 1208 3347 exerci-

220 3372 285 3424 tum
301 3365 445 3427 obsideri.
469 3383 553 3445 „que
570 3382 624 3428 ore
639 3368 804 3443 quisquam
818 3377 962 3445 vestrum,
978 3370 1006 3430 si
1020 3369 1091 3430 hinc
1107 3369 1207 3430 alieno

221 3451 388 3524 praesidio,
403 3468 465 3513 non
478 3458 582 3513 vestra
592 3451 702 3514 virtute
712 3450 882 3526 evaseritis,
898 3460 1047 3529 occurret,
1063 3469 1124 3513 non
1138 3452 1208 3513 dico

220 3532 267 3592 eis
281 3535 441 3610 militibus,
464 3537 516 3614 qui
530 3536 746 3614 Hannibalem,
762 3536 814 3614 qui
828 3536 1015 3613 Philippum,
1032 3538 1085 3613 qui
1098 3534 1204 3598 Autip-
