2642 4017
248 244 313 311 200
409 245 525 307 LIBER
538 244 629 305 XLV.
652 242 736 303 CAP.
750 248 794 306 37·
805 249 850 304 38.
873 247 910 315 [a.
922 246 958 299 U.
970 262 995 299 c.
1006 245 1069 313 585]

245 402 397 477 possenti
418 395 494 471 quid
507 393 628 454 interim
642 391 754 453 obiecit
767 391 853 467 quod
866 389 900 449 L.
913 390 1037 465 Paulus,
1057 391 1085 450 si
1100 406 1230 452 causam

245 483 335 555 dicat,
350 486 494 557 negatum
507 476 602 539 velitt
616 477 696 537 duas
708 474 782 535 mibi
796 475 909 551 atiquIs
923 474 1083 536 condoma
1102 490 1229 550 parum-

245 583 303 644 per
316 564 416 638 taclat,
430 576 523 624 unam
537 560 663 621 militum
677 558 958 631 MacedonIcoruru,
974 574 1085 635 puram
1098 558 1229 619 alteram

245 646 419 726 integrioris
439 643 544 707 iudicii
563 651 595 705 et
614 645 755 704 alavore
769 649 799 704 et
814 641 896 718 odio,
911 643 1056 703 uniuerso
1071 642 1230 703 iudicante

244 734 362 812 populo
382 731 539 792 aeneum
570 728 656 803 apud
682 727 856 787 contionem
872 733 1007 802 togatam
1028 733 1058 787 et
1076 726 1229 787 urbanam

245 818 332 895 prlus
343 830 395 876 res
407 820 523 889 agatur.
536 812 611 888 quid
621 813 707 888 apud
717 810 849 886 Quirites
860 809 1028 885 Romanos,
1041 808 1108 871 Ser.
1121 810 1228 885 Galba,
1317 867 1318 886 ,

245 902 388 963 dlcerast
407 899 459 958 illa
472 897 552 957 enim
566 895 620 956 tibi
633 902 698 957 tota
711 893 836 956 abscisa
855 895 1053 956 desudasset
1071 894 1151 969 „,‚in
1166 900 1228 955 sta-
1317 891 1318 898 ’

246 987 328 1046 bono
349 982 490 1043 severius
510 989 541 1042 et
562 979 707 1041 intentius
721 978 871 1047 Iustitiam
898 977 1021 1054 vigillae
1036 977 1180 1039 acerbius
1198 984 1229 1039 et

246 1066 420 1142 diligentius
440 1064 615 1125 circumitae
636 1071 724 1134 suntr
752 1062 856 1139 operis
877 1062 948 1137 plus
972 1078 1064 1139 quarn
1078 1068 1170 1122 antea
1184 1063 1227 1121 le·

246 1151 329 1222 cisti,
352 1165 421 1209 cum
440 1147 512 1224 ipse
531 1148 698 1222 imperator
717 1152 752 1208 ut
764 1152 892 1207 exactor
906 1147 1093 1217 clrcumiret3
1115 1146 1228 1206 eodem

245 1235 296 1296 die
316 1241 346 1295 et
366 1232 424 1293 iter
442 1229 542 1291 iecisti
564 1238 595 1292 et
614 1231 644 1292 in
660 1231 757 1292 aciem
772 1246 811 1291 ex
826 1229 934 1291 lunera
948 1231 1055 1293 dum
1066 1246 1109 1291 es.
1129 1247 1168 1291 ae
1182 1227 1228 1289 vi-

247 1321 361 1381 ctorem
377 1316 502 1392 quidem
516 1321 546 1375 tc
560 1317 762 1391 acquiescere
777 1329 891 1390 passus
906 1321 969 1376 eatz
989 1314 1091 1376 statim
1103 1314 1143 1374 ad
1156 1329 1225 1389 per-

245 1401 425 1479 sequendos
445 1400 554 1461 hostes
575 1400 671 1460 duxit.
699 1415 768 1460 curn
791 1407 821 1459 te
835 1399 952 1475 praeda
965 1398 1126 1475 partienda
1141 1399 1224 1458 locu«

245 1489 358 1563 pletem
379 1486 482 1546 lacere
502 1490 625 1559 posset,
649 1483 811 1559 pecuniam
838 1482 954 1557 regiam
972 1485 1180 1547 translaturus
1196 1481 1227 1545 in

246 1570 398 1647 triumpho
413 1575 462 1630 est
475 1575 505 1631 et
518 1569 548 1627 in
564 1568 714 1629 aerarium
729 1569 903 1629 laturus.““
917 1569 995 1630 haec
1009 1570 1088 1631 sicut
1099 1569 1139 1629 ad
1150 1568 1228 1629 mili·

244 1661 309 1715 tum
335 1654 455 1715 animos
481 1652 684 1714 stimulandos
705 1653 838 1728 aliquem
860 1652 1001 1715 aculeum
1020 1652 1149 1728 habent,
1174 1650 1229 1729 qui

245 1753 354 1813 parum
369 1736 518 1811 ilcentIac,
533 1751 644 1812 parum
654 1737 800 1797 avaritiae
810 1753 887 1798 suae
898 1737 1078 1798 inservitum
1089 1744 1227 1811 censent,

244 1821 286 1881 ita
296 1820 379 1896 apud
390 1820 539 1896 populum
549 1820 721 1882 Romanum
732 1819 806 1881 nihil
819 1819 998 1897 valuIssent,
1014 1823 1068 1897 qui
1078 1827 1112 1882 ut
1121 1828 1227 1884 vetera

244 1912 337 1982 atque
347 1903 451 1964 audita
461 1918 480 1963 a
491 1903 669 1980 parentibus
680 1905 747 1965 suis
759 1920 821 1965 non
832 1912 959 1981 repetat,
971 1919 1052 1983 quae
1062 1902 1228 1966 ambitione

244 1989 459 2067 imperatorum
474 1989 579 2050 clades
594 1995 741 2064 acceptae
755 1988 824 2062 sint,
841 2005 922 2065 quae
933 1989 1097 2051 severitate
1107 1987 1228 2065 imperii

243 2074 391 2136 victorIae
412 2080 533 2148 partae,
555 2074 697 2148 proxlmo
718 2078 801 2133 certa
821 2073 936 2134 Punico
957 2073 1039 2134 bello
1060 2072 1135 2149 quid
1149 2073 1229 2134 inter

243 2157 285 2217 Μ.
298 2157 465 2219 MiuucIum
479 2156 658 2233 magistrum
672 2157 807 2233 equitum
822 2162 853 2217 et
863 2156 897 2231 Q.
908 2157 1035 2218 Fabium
1047 2158 1225 2217 dictatorem

244 2241 412 2302 interfuerit
425 2241 568 2303 meminit.
589 2240 693 2319 itaque
706 2249 918 2303 accusatorem
932 2240 965 2300 id
982 2241 1063 2302 solra
1077 2241 1225 2316 potuisse,

244 2332 275 2384 et
296 2339 559 2402 supervacaneam
579 2326 790 2386 defensionem
811 2324 896 2386 Pauli
917 2323 1025 2387 nulsse.
1053 2331 1227 2386 transeatur

244 2408 285 2468 ad
299 2409 425 2469 alteram
436 2409 625 2481 condonem3
641 2425 699 2470 nec
712 2407 844 2482 Quirites
854 2425 915 2471 vos
925 2410 982 2470 sed
994 2407 1105 2470 milites
1116 2408 1226 2470 videor

244 2494 470 2568 appellaturus,
493 2490 519 2549 si
540 2506 653 2551 nomen
674 2491 736 2552 hoc
756 2493 864 2552 saltem
885 2492 1030 2554 ruborem
1044 2494 1182 2553 incutere
1197 2499 1226 2553 et

245 2573 461 2634 verecundIam
474 2573 606 2648 aliquam
617 2573 811 2650 imperatoris
823 2576 959 2638 violandi
967 2575 1226 2652 adlenepossit‘t

243 2655 404 2717 XXXVIII.
425 2656 588 2730 „equidem
610 2659 679 2734 lpse
700 2658 787 2719 aliter
800 2659 929 2721 allectus
945 2661 1047 2720 animo
1063 2676 1146 2733 sum,
1173 2660 1225 2735 qui

244 2740 328 2814 apud
343 2739 508 2800 exercitum
524 2740 597 2801 milri
612 2741 697 2817 loqui
708 2741 823 2819 videar,
841 2761 933 2820 quam
944 2745 1037 2818 paulo
1048 2752 1119 2806 ante
1131 2757 1224 2818 eram

244 2839 313 2883 cum
339 2825 380 2886 ad
405 2823 526 2901 plebem
549 2827 697 2887 urbanam
721 2827 881 2903 spectabat
900 2828 1008 2890 oratio.
1040 2829 1114 2903 quid
1135 2827 1224 2888 etlam

244 2907 360 2983 dIcitis‚
384 2909 516 2970 milites?
538 2909 649 2986 aliquis
665 2917 714 2972 est
733 2912 864 2984 Romae,
888 2919 1009 2987 praeter
1022 2910 1149 2984 Persea,
1172 2911 1223 2986 qui

242 2990 422 3067 triumphari
438 2994 478 3054 de
489 2994 712 3056 Macedonibus
727 2994 817 3056 nolit:
832 3002 863 3056 et
877 3010 947 3056 eum
960 3011 1023 3056 non
1037 2994 1147 3056 iisdem
1160 3011 1223 3055 mo·

242 3074 333 3135 nibus
349 3076 523 3152 discerptus
538 3078 651 3156 quibus
665 3078 853 3140 Macedonas
868 3077 1008 3141 vicisllst
1026 3080 1153 3140 mouere
1166 3093 1223 3140 vos

243 3157 467 3235 prohibuisset,
489 3161 517 3222 si
532 3164 699 3239 potuisset,
722 3164 774 3239 qui
788 3163 1010 3239 trlumphantes
1024 3164 1132 3224 urbem
1147 3161 1223 3223 inire
1314 3159 1315 3162 ’

1308 1825 1318 2142 l

243 3241 393 3319 prohibet.
416 3246 538 3320 erratis,
558 3245 685 3319 ruditas,
707 3246 734 3307 si
749 3247 934 3322 triumphum
949 3245 1143 3323 imperatorIs
1159 3252 1222 3307 tan·
1314 3255 1315 3260 ’

243 3334 306 3389 tum
327 3334 357 3388 et
379 3343 441 3388 non
460 3328 588 3389 militum
609 3346 736 3406 quoque
757 3337 788 3391 et
806 3330 944 3391 universi
965 3329 1073 3407 populi
1093 3328 1222 3392 Romani

243 3425 316 3472 esse
330 3412 426 3472 decus
442 3409 585 3474 censetis.
607 3428 670 3472 non
685 3412 777 3473 unius
792 3414 823 3472 ln
837 3413 899 3475 hoc
909 3414 1009 3485 Pautie
1027 3415 1112 3475 multi
1123 3415 1221 3487 etlam,

241 3494 294 3568 qui
307 3496 346 3555 ab
368 3501 477 3557 senatu
491 3510 551 3556 nou
573 3493 773 3570 impetrarunt
788 3497 985 3572 triumphum,
1005 3497 1035 3557 in
1052 3503 1156 3558 monte
1170 3497 1222 3558 al-
