<?xml version="1.0" encoding="UTF-8"?>
<!DOCTYPE html PUBLIC "-//W3C//DTD XHTML 1.0 Transitional//EN"
    "http://www.w3.org/TR/xhtml1/DTD/xhtml1-transitional.dtd">
<html xmlns="http://www.w3.org/1999/xhtml" xml:lang="en" lang="en">
 <head>
  <title>
</title>
<meta http-equiv="Content-Type" content="text/html;charset=utf-8" />
  <meta name='ocr-system' content='tesseract 3.04.00' />
  <meta name='ocr-capabilities' content='ocr_page ocr_carea ocr_par ocr_line ocrx_word'/>
</head>
<body>
  <div class='ocr_page' id='page_1' title='image "./aburbeconditali01mlgoog_0125.png"; bbox 0 0 2642 4017; ppageno 0'>
   <div class='ocr_carea' id='block_1_1' title="bbox 292 256 1079 336">
    <p class='ocr_par' dir='ltr' id='par_1_1' title="bbox 292 256 1079 336">
     <span class='ocr_line' id='line_1_1' title="bbox 292 256 1079 336; baseline 0.019 -21"><span class='ocrx_word' id='word_1_1' title='bbox 292 256 405 319; x_wconf 50' lang='lat' dir='ltr'><strong>litabit</strong></span> <span class='ocrx_word' id='word_1_2' title='bbox 414 257 476 318; x_wconf 78' lang='lat' dir='ltr'><strong>XL.</strong></span> <span class='ocrx_word' id='word_1_3' title='bbox 500 257 582 318; x_wconf 79' lang='lat' dir='ltr'><strong>cAP.</strong></span> <span class='ocrx_word' id='word_1_4' title='bbox 596 268 641 321; x_wconf 75' lang='lat' dir='ltr'><strong>cs.</strong></span> <span class='ocrx_word' id='word_1_5' title='bbox 655 268 700 323; x_wconf 79' lang='lat' dir='ltr'><strong>ce.</strong></span> <span class='ocrx_word' id='word_1_6' title='bbox 722 267 759 334; x_wconf 81' lang='grc' dir='ltr'><strong>[ι.</strong></span> <span class='ocrx_word' id='word_1_7' title='bbox 772 267 805 321; x_wconf 90' lang='lat' dir='ltr'><strong>c.</strong></span> <span class='ocrx_word' id='word_1_8' title='bbox 820 268 883 336; x_wconf 79' lang='lat' dir='ltr'><strong>rra]</strong></span> <span class='ocrx_word' id='word_1_9' title='bbox 1037 264 1079 330; x_wconf 76' lang='lat' dir='ltr'><strong>tlt</strong></span> 
     </span>
    </p>
   </div>
   <div class='ocr_carea' id='block_1_2' title="bbox 20 405 1123 3080">
    <p class='ocr_par' dir='ltr' id='par_1_2' title="bbox 20 405 1123 3080">
     <span class='ocr_line' id='line_1_2' title="bbox 99 405 1083 491; baseline 0.012 -26"><span class='ocrx_word' id='word_1_10' title='bbox 99 405 230 481; x_wconf 84' lang='lat' dir='ltr'>Lepidus</span> <span class='ocrx_word' id='word_1_11' title='bbox 244 406 384 481; x_wconf 82' lang='lat' dir='ltr'><strong>pontifex</strong></span> <span class='ocrx_word' id='word_1_12' title='bbox 399 408 550 469; x_wconf 83' lang='lat' dir='ltr'><strong>maximus</strong></span> <span class='ocrx_word' id='word_1_13' title='bbox 565 416 595 469; x_wconf 91' lang='lat' dir='ltr'><strong>et</strong></span> <span class='ocrx_word' id='word_1_14' title='bbox 608 409 648 468; x_wconf 83' lang='lat' dir='ltr'><strong>at</strong></span> <span class='ocrx_word' id='word_1_15' title='bbox 662 408 789 472; x_wconf 82' lang='lat' dir='ltr'><strong>Fitlvius</strong></span> <span class='ocrx_word' id='word_1_16' title='bbox 802 411 956 489; x_wconf 78' lang='lat' dir='ltr'><strong>Nobilior,</strong></span> <span class='ocrx_word' id='word_1_17' title='bbox 976 414 1028 491; x_wconf 84' lang='lat' dir='ltr'><strong>qul</strong></span> <span class='ocrx_word' id='word_1_18' title='bbox 1043 431 1083 477; x_wconf 88' lang='lat' dir='ltr'><strong>ex</strong></span> 
     </span>
     <span class='ocr_line' id='line_1_3' title="bbox 99 489 1082 565; baseline 0.012 -18"><span class='ocrx_word' id='word_1_19' title='bbox 99 489 212 550; x_wconf 68' lang='lat' dir='ltr'><strong>,aetolis</strong></span> <span class='ocrx_word' id='word_1_20' title='bbox 227 489 477 565; x_wconf 81' lang='lat' dir='ltr'><strong>triumphaverat.</strong></span> <span class='ocrx_word' id='word_1_21' title='bbox 510 492 588 553; x_wconf 87' lang='lat' dir='ltr'><strong>inter</strong></span> <span class='ocrx_word' id='word_1_22' title='bbox 600 491 660 555; x_wconf 85' lang='lat' dir='ltr'><strong>hos</strong></span> <span class='ocrx_word' id='word_1_23' title='bbox 674 491 759 556; x_wconf 90' lang='lat' dir='ltr'><strong>viros</strong></span> <span class='ocrx_word' id='word_1_24' title='bbox 774 493 895 557; x_wconf 87' lang='lat' dir='ltr'><strong>nobiles</strong></span> <span class='ocrx_word' id='word_1_25' title='bbox 909 496 1082 561; x_wconf 85' lang='lat' dir='ltr'><strong>inimicitiae</strong></span> 
     </span>
     <span class='ocr_line' id='line_1_4' title="bbox 98 574 1081 657; baseline 0.012 -26"><span class='ocrx_word' id='word_1_26' title='bbox 98 579 194 647; x_wconf 87' lang='lat' dir='ltr'><strong>erant,</strong></span> <span class='ocrx_word' id='word_1_27' title='bbox 216 588 320 657; x_wconf 32' lang='lat' dir='ltr'><strong>saepe·</strong></span> <span class='ocrx_word' id='word_1_28' title='bbox 333 574 434 636; x_wconf 89' lang='lat' dir='ltr'><strong>multis</strong></span> <span class='ocrx_word' id='word_1_29' title='bbox 450 575 524 636; x_wconf 89' lang='lat' dir='ltr'><strong>etin</strong></span> <span class='ocrx_word' id='word_1_30' title='bbox 538 583 648 638; x_wconf 88' lang='lat' dir='ltr'><strong>senatu</strong></span> <span class='ocrx_word' id='word_1_31' title='bbox 662 585 694 638; x_wconf 91' lang='lat' dir='ltr'><strong>et</strong></span> <span class='ocrx_word' id='word_1_32' title='bbox 707 577 748 638; x_wconf 88' lang='lat' dir='ltr'><strong>ad</strong></span> <span class='ocrx_word' id='word_1_33' title='bbox 762 580 911 654; x_wconf 89' lang='lat' dir='ltr'><strong>populum</strong></span> <span class='ocrx_word' id='word_1_34' title='bbox 925 581 1081 643; x_wconf 78' lang='lat' dir='ltr'><strong>atrocibus</strong></span> 
     </span>
     <span class='ocr_line' id='line_1_5' title="bbox 100 656 1082 735; baseline 0.012 -20"><span class='ocrx_word' id='word_1_35' title='bbox 100 657 270 717; x_wconf 76' lang='lat' dir='ltr'><strong>celebratae</strong></span> <span class='ocrx_word' id='word_1_36' title='bbox 290 656 516 720; x_wconf 80' lang='lat' dir='ltr'><strong>certaminibus.</strong></span> <span class='ocrx_word' id='word_1_37' title='bbox 549 661 679 722; x_wconf 86' lang='lat' dir='ltr'><strong>comitiis</strong></span> <span class='ocrx_word' id='word_1_38' title='bbox 702 662 866 735; x_wconf 88' lang='lat' dir='ltr'><strong>conlectis,</strong></span> <span class='ocrx_word' id='word_1_39' title='bbox 888 669 922 724; x_wconf 95' lang='lat' dir='ltr'><strong>ut</strong></span> <span class='ocrx_word' id='word_1_40' title='bbox 939 664 1082 727; x_wconf 88' lang='lat' dir='ltr'><strong>traditum</strong></span> 
     </span>
     <span class='ocr_line' id='line_1_6' title="bbox 97 740 1080 820; baseline 0.01 -21"><span class='ocrx_word' id='word_1_41' title='bbox 97 740 261 815; x_wconf 79' lang='lat' dir='ltr'><strong>aanuitus</strong></span> <span class='ocrx_word' id='word_1_42' title='bbox 282 748 344 816; x_wconf 86' lang='lat' dir='ltr'><strong>cst,</strong></span> <span class='ocrx_word' id='word_1_43' title='bbox 366 756 514 805; x_wconf 87' lang='lat' dir='ltr'><strong>censores</strong></span> <span class='ocrx_word' id='word_1_44' title='bbox 533 742 564 803; x_wconf 93' lang='lat' dir='ltr'><strong>in</strong></span> <span class='ocrx_word' id='word_1_45' title='bbox 580 743 694 820; x_wconf 85' lang='lat' dir='ltr'><strong>campo</strong></span> <span class='ocrx_word' id='word_1_46' title='bbox 716 745 756 805; x_wconf 87' lang='lat' dir='ltr'><strong>ad</strong></span> <span class='ocrx_word' id='word_1_47' title='bbox 775 761 859 807; x_wconf 89' lang='lat' dir='ltr'><strong>aram</strong></span> <span class='ocrx_word' id='word_1_48' title='bbox 872 745 980 808; x_wconf 80' lang='lat' dir='ltr'><strong>Martis</strong></span> <span class='ocrx_word' id='word_1_49' title='bbox 995 748 1080 809; x_wconf 89' lang='lat' dir='ltr'><strong>sellis</strong></span> 
     </span>
     <span class='ocr_line' id='line_1_7' title="bbox 97 825 1079 904; baseline 0.01 -21"><span class='ocrx_word' id='word_1_50' title='bbox 97 825 252 885; x_wconf 90' lang='lat' dir='ltr'><strong>curulibus</strong></span> <span class='ocrx_word' id='word_1_51' title='bbox 267 825 488 896; x_wconf 85' lang='lat' dir='ltr'><strong>consederunt;</strong></span> <span class='ocrx_word' id='word_1_52' title='bbox 511 842 573 902; x_wconf 88' lang='lat' dir='ltr'><strong>qno</strong></span> <span class='ocrx_word' id='word_1_53' title='bbox 588 837 716 902; x_wconf 85' lang='lat' dir='ltr'><strong>repente</strong></span> <span class='ocrx_word' id='word_1_54' title='bbox 729 829 888 904; x_wconf 80' lang='lat' dir='ltr'><strong>principes</strong></span> <span class='ocrx_word' id='word_1_55' title='bbox 902 837 1079 893; x_wconf 85' lang='lat' dir='ltr'><strong>senatorum</strong></span> 
     </span>
     <span class='ocr_line' id='line_1_8' title="bbox 97 908 1079 990; baseline 0.011 -24"><span class='ocrx_word' id='word_1_56' title='bbox 97 922 162 967; x_wconf 89' lang='lat' dir='ltr'><strong>cam</strong></span> <span class='ocrx_word' id='word_1_57' title='bbox 188 908 310 984; x_wconf 82' lang='lat' dir='ltr'><strong>agmine</strong></span> <span class='ocrx_word' id='word_1_58' title='bbox 333 917 483 971; x_wconf 90' lang='lat' dir='ltr'><strong>venerunt</strong></span> <span class='ocrx_word' id='word_1_59' title='bbox 502 910 647 986; x_wconf 87' lang='lat' dir='ltr'><strong>civitatis,</strong></span> <span class='ocrx_word' id='word_1_60' title='bbox 673 912 752 974; x_wconf 90' lang='lat' dir='ltr'><strong>inter</strong></span> <span class='ocrx_word' id='word_1_61' title='bbox 771 929 852 990; x_wconf 83' lang='lat' dir='ltr'><strong>qnos</strong></span> <span class='ocrx_word' id='word_1_62' title='bbox 873 913 907 989; x_wconf 78' lang='lat' dir='ltr'><strong>Q.</strong></span> <span class='ocrx_word' id='word_1_63' title='bbox 929 913 1079 978; x_wconf 76' lang='lat' dir='ltr'><strong>Caecilius</strong></span> 
     </span>
     <span class='ocr_line' id='line_1_9' title="bbox 96 989 1078 1075; baseline 0.01 -24"><span class='ocrx_word' id='word_1_64' title='bbox 96 989 232 1053; x_wconf 85' lang='lat' dir='ltr'><strong>Metellus</strong></span> <span class='ocrx_word' id='word_1_65' title='bbox 249 992 344 1054; x_wconf 86' lang='lat' dir='ltr'><strong>verba</strong></span> <span class='ocrx_word' id='word_1_66' title='bbox 358 993 438 1054; x_wconf 87' lang='lat' dir='ltr'><strong>lecit.</strong></span> <span class='ocrx_word' id='word_1_67' title='bbox 465 994 569 1054; x_wconf 85' lang='lat' dir='ltr'><strong>XLVI.</strong></span> <span class='ocrx_word' id='word_1_68' title='bbox 591 1009 675 1069; x_wconf 86' lang='lat' dir='ltr'><strong>„nou</strong></span> <span class='ocrx_word' id='word_1_69' title='bbox 690 994 774 1057; x_wconf 92' lang='lat' dir='ltr'><strong>obliti</strong></span> <span class='ocrx_word' id='word_1_70' title='bbox 789 1012 906 1073; x_wconf 89' lang='lat' dir='ltr'><strong>sumus,</strong></span> <span class='ocrx_word' id='word_1_71' title='bbox 922 1013 1078 1075; x_wconf 87' lang='lat' dir='ltr'><strong>censores,</strong></span> 
     </span>
     <span class='ocr_line' id='line_1_10' title="bbox 98 1076 1078 1153; baseline 0.011 -20"><span class='ocrx_word' id='word_1_72' title='bbox 98 1090 153 1135; x_wconf 90' lang='lat' dir='ltr'><strong>vos</strong></span> <span class='ocrx_word' id='word_1_73' title='bbox 172 1077 267 1151; x_wconf 90' lang='lat' dir='ltr'><strong>paulo</strong></span> <span class='ocrx_word' id='word_1_74' title='bbox 288 1083 359 1137; x_wconf 88' lang='lat' dir='ltr'><strong>ante</strong></span> <span class='ocrx_word' id='word_1_75' title='bbox 373 1076 412 1137; x_wconf 94' lang='lat' dir='ltr'><strong>ab</strong></span> <span class='ocrx_word' id='word_1_76' title='bbox 427 1078 572 1139; x_wconf 89' lang='lat' dir='ltr'><strong>universo</strong></span> <span class='ocrx_word' id='word_1_77' title='bbox 587 1078 705 1153; x_wconf 89' lang='lat' dir='ltr'><strong>populo</strong></span> <span class='ocrx_word' id='word_1_78' title='bbox 718 1078 858 1143; x_wconf 86' lang='lat' dir='ltr'><strong>Romano</strong></span> <span class='ocrx_word' id='word_1_79' title='bbox 872 1080 1009 1144; x_wconf 89' lang='lat' dir='ltr'><strong>moribus</strong></span> <span class='ocrx_word' id='word_1_80' title='bbox 1023 1099 1078 1144; x_wconf 79' lang='lat' dir='ltr'><strong>no</strong></span> 
     </span>
     <span class='ocr_line' id='line_1_11' title="bbox 97 1158 1075 1242; baseline 0.011 -25"><span class='ocrx_word' id='word_1_81' title='bbox 97 1158 164 1219; x_wconf 89' lang='lat' dir='ltr'><strong>stris</strong></span> <span class='ocrx_word' id='word_1_82' title='bbox 177 1160 377 1235; x_wconf 87' lang='lat' dir='ltr'><strong>praepositos</strong></span> <span class='ocrx_word' id='word_1_83' title='bbox 391 1175 474 1236; x_wconf 89' lang='lat' dir='ltr'><strong>esse,</strong></span> <span class='ocrx_word' id='word_1_84' title='bbox 488 1168 519 1223; x_wconf 93' lang='lat' dir='ltr'><strong>et</strong></span> <span class='ocrx_word' id='word_1_85' title='bbox 532 1176 590 1222; x_wconf 91' lang='lat' dir='ltr'><strong>nos</strong></span> <span class='ocrx_word' id='word_1_86' title='bbox 605 1178 624 1222; x_wconf 92' lang='lat' dir='ltr'><strong>a</strong></span> <span class='ocrx_word' id='word_1_87' title='bbox 636 1162 727 1223; x_wconf 86' lang='lat' dir='ltr'><strong>vobis</strong></span> <span class='ocrx_word' id='word_1_88' title='bbox 742 1168 773 1225; x_wconf 89' lang='lat' dir='ltr'><strong>et</strong></span> <span class='ocrx_word' id='word_1_89' title='bbox 787 1163 944 1226; x_wconf 85' lang='lat' dir='ltr'><strong>admoueri</strong></span> <span class='ocrx_word' id='word_1_90' title='bbox 956 1174 987 1227; x_wconf 93' lang='lat' dir='ltr'><strong>et</strong></span> <span class='ocrx_word' id='word_1_91' title='bbox 1000 1167 1075 1242; x_wconf 76' lang='lat' dir='ltr'><strong>regi,</strong></span> 
     </span>
     <span class='ocr_line' id='line_1_12' title="bbox 97 1244 1079 1324; baseline 0.011 -24"><span class='ocrx_word' id='word_1_92' title='bbox 97 1258 155 1304; x_wconf 91' lang='lat' dir='ltr'><strong>non</strong></span> <span class='ocrx_word' id='word_1_93' title='bbox 180 1259 240 1305; x_wconf 88' lang='lat' dir='ltr'><strong>vos</strong></span> <span class='ocrx_word' id='word_1_94' title='bbox 263 1244 390 1305; x_wconf 89' lang='lat' dir='ltr'><strong>anobis</strong></span> <span class='ocrx_word' id='word_1_95' title='bbox 412 1244 536 1306; x_wconf 86' lang='lat' dir='ltr'><strong>debere.</strong></span> <span class='ocrx_word' id='word_1_96' title='bbox 569 1244 766 1308; x_wconf 87' lang='lat' dir='ltr'><strong>indicandum</strong></span> <span class='ocrx_word' id='word_1_97' title='bbox 789 1253 890 1309; x_wconf 86' lang='lat' dir='ltr'><strong>tamen</strong></span> <span class='ocrx_word' id='word_1_98' title='bbox 914 1255 977 1322; x_wconf 89' lang='lat' dir='ltr'><strong>est,</strong></span> <span class='ocrx_word' id='word_1_99' title='bbox 1004 1247 1079 1324; x_wconf 85' lang='lat' dir='ltr'><strong>quid</strong></span> 
     </span>
     <span class='ocr_line' id='line_1_13' title="bbox 97 1327 1078 1393; baseline 0.008 -9"><span class='ocrx_word' id='word_1_100' title='bbox 97 1340 202 1388; x_wconf 89' lang='lat' dir='ltr'><strong>omnes</strong></span> <span class='ocrx_word' id='word_1_101' title='bbox 216 1328 320 1389; x_wconf 90' lang='lat' dir='ltr'><strong>bonos</strong></span> <span class='ocrx_word' id='word_1_102' title='bbox 334 1327 365 1387; x_wconf 94' lang='lat' dir='ltr'><strong>in</strong></span> <span class='ocrx_word' id='word_1_103' title='bbox 379 1327 469 1389; x_wconf 86' lang='lat' dir='ltr'><strong>vobis</strong></span> <span class='ocrx_word' id='word_1_104' title='bbox 482 1336 535 1389; x_wconf 87' lang='lat' dir='ltr'><strong>aut</strong></span> <span class='ocrx_word' id='word_1_105' title='bbox 549 1327 687 1390; x_wconf 81' lang='lat' dir='ltr'><strong>offendat</strong></span> <span class='ocrx_word' id='word_1_106' title='bbox 700 1335 752 1390; x_wconf 89' lang='lat' dir='ltr'><strong>aut</strong></span> <span class='ocrx_word' id='word_1_107' title='bbox 766 1338 849 1392; x_wconf 89' lang='lat' dir='ltr'><strong>certe</strong></span> <span class='ocrx_word' id='word_1_108' title='bbox 858 1339 1004 1393; x_wconf 89' lang='lat' dir='ltr'><strong>mutatum</strong></span> <span class='ocrx_word' id='word_1_109' title='bbox 1015 1347 1078 1392; x_wconf 90' lang='lat' dir='ltr'><strong>ma·</strong></span> 
     </span>
     <span class='ocr_line' id='line_1_14' title="bbox 95 1408 1078 1489; baseline 0.005 -19"><span class='ocrx_word' id='word_1_110' title='bbox 95 1408 154 1471; x_wconf 89' lang='lat' dir='ltr'><strong>lint.</strong></span> <span class='ocrx_word' id='word_1_111' title='bbox 176 1412 319 1487; x_wconf 72' lang='lat' dir='ltr'><strong>singulos</strong></span> <span class='ocrx_word' id='word_1_112' title='bbox 331 1411 753 1489; x_wconf 69' lang='lat' dir='ltr'><strong>cumintuemunlbbemili,</strong></span> <span class='ocrx_word' id='word_1_113' title='bbox 765 1412 1078 1488; x_wconf 68' lang='lat' dir='ltr'><strong>taruennensem</strong></span> 
     </span>
     <span class='ocr_line' id='line_1_15' title="bbox 20 1491 1078 1572; baseline 0 -13"><span class='ocrx_word' id='word_1_114' title='bbox 20 1556 22 1559; x_wconf 79' lang='grc'>,</span> <span class='ocrx_word' id='word_1_115' title='bbox 95 1491 184 1555; x_wconf 87' lang='lat' dir='ltr'><strong>bodie</strong></span> <span class='ocrx_word' id='word_1_116' title='bbox 197 1496 228 1555; x_wconf 91' lang='lat' dir='ltr'><strong>in</strong></span> <span class='ocrx_word' id='word_1_117' title='bbox 245 1494 366 1556; x_wconf 86' lang='lat' dir='ltr'><strong>civitate</strong></span> <span class='ocrx_word' id='word_1_118' title='bbox 379 1494 544 1572; x_wconf 87' lang='lat' dir='ltr'><strong>babemus,</strong></span> <span class='ocrx_word' id='word_1_119' title='bbox 566 1511 672 1572; x_wconf 85' lang='lat' dir='ltr'><strong>quem,</strong></span> <span class='ocrx_word' id='word_1_120' title='bbox 687 1497 715 1559; x_wconf 86' lang='lat' dir='ltr'><strong>si</strong></span> <span class='ocrx_word' id='word_1_121' title='bbox 727 1512 909 1559; x_wconf 88' lang='lat' dir='ltr'><strong>revocemur</strong></span> <span class='ocrx_word' id='word_1_122' title='bbox 922 1497 953 1557; x_wconf 89' lang='lat' dir='ltr'><strong>iu</strong></span> <span class='ocrx_word' id='word_1_123' title='bbox 968 1497 1078 1559; x_wconf 76' lang='lat' dir='ltr'><strong>suffra·</strong></span> 
     </span>
     <span class='ocr_line' id='line_1_16' title="bbox 96 1577 1078 1655; baseline 0.007 -18"><span class='ocrx_word' id='word_1_124' title='bbox 96 1577 189 1652; x_wconf 79' lang='lat' dir='ltr'><strong>gium,</strong></span> <span class='ocrx_word' id='word_1_125' title='bbox 217 1579 348 1640; x_wconf 91' lang='lat' dir='ltr'><strong>velimus</strong></span> <span class='ocrx_word' id='word_1_126' title='bbox 372 1580 461 1641; x_wconf 91' lang='lat' dir='ltr'><strong>vobis</strong></span> <span class='ocrx_word' id='word_1_127' title='bbox 482 1580 651 1655; x_wconf 85' lang='lat' dir='ltr'><strong>praelattuu</strong></span> <span class='ocrx_word' id='word_1_128' title='bbox 671 1596 752 1641; x_wconf 88' lang='lat' dir='ltr'><strong>esse.</strong></span> <span class='ocrx_word' id='word_1_129' title='bbox 785 1579 876 1641; x_wconf 90' lang='lat' dir='ltr'><strong>ambo</strong></span> <span class='ocrx_word' id='word_1_130' title='bbox 898 1596 966 1640; x_wconf 90' lang='lat' dir='ltr'><strong>cum</strong></span> <span class='ocrx_word' id='word_1_131' title='bbox 988 1581 1078 1644; x_wconf 86' lang='lat' dir='ltr'><strong>simul</strong></span> 
     </span>
     <span class='ocr_line' id='line_1_17' title="bbox 97 1662 1077 1739; baseline 0.005 -17"><span class='ocrx_word' id='word_1_132' title='bbox 97 1662 278 1736; x_wconf 82' lang='lat' dir='ltr'><strong>aspicimus,</strong></span> <span class='ocrx_word' id='word_1_133' title='bbox 294 1678 356 1724; x_wconf 91' lang='lat' dir='ltr'><strong>non</strong></span> <span class='ocrx_word' id='word_1_134' title='bbox 370 1679 539 1739; x_wconf 88' lang='lat' dir='ltr'><strong>possumus</strong></span> <span class='ocrx_word' id='word_1_135' title='bbox 553 1679 616 1725; x_wconf 93' lang='lat' dir='ltr'><strong>non</strong></span> <span class='ocrx_word' id='word_1_136' title='bbox 629 1664 745 1737; x_wconf 87' lang='lat' dir='ltr'><strong>vereri,</strong></span> <span class='ocrx_word' id='word_1_137' title='bbox 760 1679 800 1725; x_wconf 92' lang='lat' dir='ltr'><strong>ne</strong></span> <span class='ocrx_word' id='word_1_138' title='bbox 816 1664 896 1724; x_wconf 90' lang='lat' dir='ltr'><strong>male</strong></span> <span class='ocrx_word' id='word_1_139' title='bbox 910 1664 1077 1739; x_wconf 81' lang='lat' dir='ltr'><strong>computati</strong></span> 
     </span>
     <span class='ocr_line' id='line_1_18' title="bbox 96 1744 1123 1824; baseline 0.009 -22"><span class='ocrx_word' id='word_1_140' title='bbox 96 1744 175 1821; x_wconf 88' lang='lat' dir='ltr'><strong>sitis,</strong></span> <span class='ocrx_word' id='word_1_141' title='bbox 197 1763 259 1808; x_wconf 90' lang='lat' dir='ltr'><strong>nec</strong></span> <span class='ocrx_word' id='word_1_142' title='bbox 271 1753 388 1808; x_wconf 75' lang='lat' dir='ltr'><strong>mulum</strong></span> <span class='ocrx_word' id='word_1_143' title='bbox 404 1748 450 1808; x_wconf 89' lang='lat' dir='ltr'><strong>rei</strong></span> <span class='ocrx_word' id='word_1_144' title='bbox 464 1747 607 1824; x_wconf 88' lang='lat' dir='ltr'><strong>publicae</strong></span> <span class='ocrx_word' id='word_1_145' title='bbox 620 1747 719 1823; x_wconf 84' lang='lat' dir='ltr'><strong>prosit</strong></span> <span class='ocrx_word' id='word_1_146' title='bbox 733 1747 817 1822; x_wconf 83' lang='lat' dir='ltr'><strong>qnod</strong></span> <span class='ocrx_word' id='word_1_147' title='bbox 831 1746 973 1809; x_wconf 87' lang='lat' dir='ltr'><strong>omuibus</strong></span> <span class='ocrx_word' id='word_1_148' title='bbox 987 1749 1077 1811; x_wconf 92' lang='lat' dir='ltr'><strong>nobis</strong></span> <span class='ocrx_word' id='word_1_149' title='bbox 1114 1770 1123 1779; x_wconf 93' lang='lat'><em>·</em></span> 
     </span>
     <span class='ocr_line' id='line_1_19' title="bbox 96 1829 1077 1907; baseline 0.006 -19"><span class='ocrx_word' id='word_1_150' title='bbox 96 1831 215 1905; x_wconf 78' lang='lat' dir='ltr'><strong>egregie</strong></span> <span class='ocrx_word' id='word_1_151' title='bbox 231 1829 370 1907; x_wconf 88' lang='lat' dir='ltr'><strong>placetis,</strong></span> <span class='ocrx_word' id='word_1_152' title='bbox 386 1847 479 1907; x_wconf 87' lang='lat' dir='ltr'><strong>quam</strong></span> <span class='ocrx_word' id='word_1_153' title='bbox 494 1831 578 1907; x_wconf 87' lang='lat' dir='ltr'><strong>quod</strong></span> <span class='ocrx_word' id='word_1_154' title='bbox 592 1830 669 1892; x_wconf 89' lang='lat' dir='ltr'><strong>alter</strong></span> <span class='ocrx_word' id='word_1_155' title='bbox 679 1830 766 1892; x_wconf 89' lang='lat' dir='ltr'><strong>alteri</strong></span> <span class='ocrx_word' id='word_1_156' title='bbox 778 1831 946 1906; x_wconf 88' lang='lat' dir='ltr'><strong>displicetis</strong></span> <span class='ocrx_word' id='word_1_157' title='bbox 957 1840 1077 1894; x_wconf 82' lang='lat' dir='ltr'><strong>noceat</strong></span> 
     </span>
     <span class='ocr_line' id='line_1_20' title="bbox 96 1909 1076 1990; baseline 0.008 -21"><span class='ocrx_word' id='word_1_158' title='bbox 96 1909 265 1977; x_wconf 89' lang='lat' dir='ltr'><strong>inimicitias</strong></span> <span class='ocrx_word' id='word_1_159' title='bbox 279 1930 336 1990; x_wconf 90' lang='lat' dir='ltr'><strong>per</strong></span> <span class='ocrx_word' id='word_1_160' title='bbox 350 1930 450 1977; x_wconf 90' lang='lat' dir='ltr'><strong>annos</strong></span> <span class='ocrx_word' id='word_1_161' title='bbox 463 1915 576 1977; x_wconf 87' lang='lat' dir='ltr'><strong>mullos</strong></span> <span class='ocrx_word' id='word_1_162' title='bbox 590 1913 681 1975; x_wconf 88' lang='lat' dir='ltr'><strong>vobis</strong></span> <span class='ocrx_word' id='word_1_163' title='bbox 695 1913 773 1990; x_wconf 92' lang='lat' dir='ltr'><strong>ipsis</strong></span> <span class='ocrx_word' id='word_1_164' title='bbox 787 1930 901 1990; x_wconf 71' lang='lat' dir='ltr'><strong>graves</strong></span> <span class='ocrx_word' id='word_1_165' title='bbox 913 1921 945 1975; x_wconf 88' lang='lat' dir='ltr'><strong>et</strong></span> <span class='ocrx_word' id='word_1_166' title='bbox 954 1922 1076 1978; x_wconf 84' lang='lat' dir='ltr'><strong>atroces</strong></span> 
     </span>
     <span class='ocr_line' id='line_1_21' title="bbox 63 1996 1077 2074; baseline 0.006 -20"><span class='ocrx_word' id='word_1_167' title='bbox 63 2016 66 2020; x_wconf 52' lang='lat'><strong><em>¹</em></strong></span> <span class='ocrx_word' id='word_1_168' title='bbox 96 1996 211 2074; x_wconf 81' lang='lat' dir='ltr'><strong>geritis,</strong></span> <span class='ocrx_word' id='word_1_169' title='bbox 240 2014 322 2074; x_wconf 88' lang='lat' dir='ltr'><strong>quae</strong></span> <span class='ocrx_word' id='word_1_170' title='bbox 345 1998 514 2074; x_wconf 86' lang='lat' dir='ltr'><strong>periculum</strong></span> <span class='ocrx_word' id='word_1_171' title='bbox 533 2005 582 2061; x_wconf 88' lang='lat' dir='ltr'><strong>est</strong></span> <span class='ocrx_word' id='word_1_172' title='bbox 601 2013 641 2059; x_wconf 93' lang='lat' dir='ltr'><strong>ne</strong></span> <span class='ocrx_word' id='word_1_173' title='bbox 660 2014 702 2059; x_wconf 89' lang='lat' dir='ltr'><strong>ex</strong></span> <span class='ocrx_word' id='word_1_174' title='bbox 720 1998 780 2059; x_wconf 88' lang='lat' dir='ltr'><strong>hac</strong></span> <span class='ocrx_word' id='word_1_175' title='bbox 801 1997 852 2058; x_wconf 88' lang='lat' dir='ltr'><strong>die</strong></span> <span class='ocrx_word' id='word_1_176' title='bbox 873 1996 962 2059; x_wconf 91' lang='lat' dir='ltr'><strong>uobis</strong></span> <span class='ocrx_word' id='word_1_177' title='bbox 982 2000 1077 2060; x_wconf 86' lang='lat' dir='ltr'><strong>atrei</strong></span> 
     </span>
     <span class='ocr_line' id='line_1_22' title="bbox 97 2079 1077 2158; baseline 0.004 -19"><span class='ocrx_word' id='word_1_178' title='bbox 97 2081 238 2152; x_wconf 87' lang='lat' dir='ltr'><strong>publicae</strong></span> <span class='ocrx_word' id='word_1_179' title='bbox 264 2098 356 2158; x_wconf 87' lang='lat' dir='ltr'><strong>qaam</strong></span> <span class='ocrx_word' id='word_1_180' title='bbox 375 2082 465 2145; x_wconf 86' lang='lat' dir='ltr'><strong>vobis</strong></span> <span class='ocrx_word' id='word_1_181' title='bbox 485 2083 645 2158; x_wconf 51' lang='lat' dir='ltr'><strong>&amp;encres</strong></span> <span class='ocrx_word' id='word_1_182' title='bbox 666 2083 749 2145; x_wconf 86' lang='lat' dir='ltr'><strong>flant.</strong></span> <span class='ocrx_word' id='word_1_183' title='bbox 782 2082 822 2142; x_wconf 89' lang='lat' dir='ltr'><strong>de</strong></span> <span class='ocrx_word' id='word_1_184' title='bbox 843 2080 954 2158; x_wconf 85' lang='lat' dir='ltr'><strong>quibus</strong></span> <span class='ocrx_word' id='word_1_185' title='bbox 973 2079 1077 2143; x_wconf 84' lang='lat' dir='ltr'><strong>causis</strong></span> 
     </span>
     <span class='ocr_line' id='line_1_23' title="bbox 96 2160 1078 2243; baseline 0.009 -24"><span class='ocrx_word' id='word_1_186' title='bbox 96 2160 154 2222; x_wconf 92' lang='lat' dir='ltr'><strong>hoc</strong></span> <span class='ocrx_word' id='word_1_187' title='bbox 163 2167 333 2238; x_wconf 88' lang='lat' dir='ltr'><strong>timeamus,</strong></span> <span class='ocrx_word' id='word_1_188' title='bbox 342 2167 437 2228; x_wconf 87' lang='lat' dir='ltr'><strong>multa</strong></span> <span class='ocrx_word' id='word_1_189' title='bbox 448 2173 640 2243; x_wconf 85' lang='lat' dir='ltr'><strong>succurrunt,</strong></span> <span class='ocrx_word' id='word_1_190' title='bbox 648 2182 730 2243; x_wconf 85' lang='lat' dir='ltr'><strong>quae</strong></span> <span class='ocrx_word' id='word_1_191' title='bbox 740 2162 989 2241; x_wconf 89' lang='lat' dir='ltr'><strong>dicerentur,ulsi</strong></span> <span class='ocrx_word' id='word_1_192' title='bbox 999 2166 1078 2228; x_wconf 86' lang='lat' dir='ltr'><strong>iorle</strong></span> 
     </span>
     <span class='ocr_line' id='line_1_24' title="bbox 100 2243 1076 2326; baseline 0.008 -23"><span class='ocrx_word' id='word_1_193' title='bbox 100 2243 303 2322; x_wconf 86' lang='lat' dir='ltr'><strong>inplacabiles</strong></span> <span class='ocrx_word' id='word_1_194' title='bbox 318 2248 438 2312; x_wconf 80' lang='lat' dir='ltr'><strong>fueritis</strong></span> <span class='ocrx_word' id='word_1_195' title='bbox 447 2248 483 2291; x_wconf 77' lang='lat'><strong>**</strong></span> <span class='ocrx_word' id='word_1_196' title='bbox 495 2249 718 2326; x_wconf 87' lang='lat' dir='ltr'><strong>implicaverint</strong></span> <span class='ocrx_word' id='word_1_197' title='bbox 734 2249 854 2311; x_wconf 89' lang='lat' dir='ltr'><strong>animos</strong></span> <span class='ocrx_word' id='word_1_198' title='bbox 869 2255 999 2311; x_wconf 88' lang='lat' dir='ltr'><strong>vestros.</strong></span> <span class='ocrx_word' id='word_1_199' title='bbox 1019 2250 1076 2311; x_wconf 78' lang='lat' dir='ltr'><strong>lias</strong></span> 
     </span>
     <span class='ocr_line' id='line_1_25' title="bbox 98 2329 1077 2410; baseline 0.008 -23"><span class='ocrx_word' id='word_1_200' title='bbox 98 2336 129 2388; x_wconf 91' lang='lat' dir='ltr'><strong>nt</strong></span> <span class='ocrx_word' id='word_1_201' title='bbox 140 2329 248 2408; x_wconf 88' lang='lat' dir='ltr'><strong>bodie,</strong></span> <span class='ocrx_word' id='word_1_202' title='bbox 263 2341 298 2394; x_wconf 91' lang='lat' dir='ltr'><strong>ut</strong></span> <span class='ocrx_word' id='word_1_203' title='bbox 310 2332 341 2395; x_wconf 92' lang='lat' dir='ltr'><strong>in</strong></span> <span class='ocrx_word' id='word_1_204' title='bbox 356 2334 416 2395; x_wconf 88' lang='lat' dir='ltr'><strong>isto</strong></span> <span class='ocrx_word' id='word_1_205' title='bbox 430 2334 545 2410; x_wconf 89' lang='lat' dir='ltr'><strong>templo</strong></span> <span class='ocrx_word' id='word_1_206' title='bbox 559 2333 672 2396; x_wconf 86' lang='lat' dir='ltr'><strong>liniatis</strong></span> <span class='ocrx_word' id='word_1_207' title='bbox 688 2333 873 2408; x_wconf 77' lang='lat' dir='ltr'><strong>simultates,</strong></span> <span class='ocrx_word' id='word_1_208' title='bbox 888 2347 1077 2409; x_wconf 79' lang='lat' dir='ltr'><strong>quaesumus</strong></span> 
     </span>
     <span class='ocr_line' id='line_1_26' title="bbox 96 2416 1077 2494; baseline 0.007 -24"><span class='ocrx_word' id='word_1_209' title='bbox 96 2428 150 2474; x_wconf 84' lang='lat' dir='ltr'><strong>vos</strong></span> <span class='ocrx_word' id='word_1_210' title='bbox 173 2417 325 2492; x_wconf 88' lang='lat' dir='ltr'><strong>universi,</strong></span> <span class='ocrx_word' id='word_1_211' title='bbox 350 2425 382 2479; x_wconf 89' lang='lat' dir='ltr'><strong>et</strong></span> <span class='ocrx_word' id='word_1_212' title='bbox 401 2434 482 2494; x_wconf 89' lang='lat' dir='ltr'><strong>quos</strong></span> <span class='ocrx_word' id='word_1_213' title='bbox 501 2418 660 2480; x_wconf 80' lang='lat' dir='ltr'><strong>coniunxit</strong></span> <span class='ocrx_word' id='word_1_214' title='bbox 678 2416 834 2494; x_wconf 74' lang='lat' dir='ltr'><strong>suffragiis</strong></span> <span class='ocrx_word' id='word_1_215' title='bbox 854 2416 920 2479; x_wconf 90' lang='lat' dir='ltr'><strong>suis</strong></span> <span class='ocrx_word' id='word_1_216' title='bbox 942 2418 1077 2492; x_wconf 88' lang='lat' dir='ltr'><strong>populus</strong></span> 
     </span>
     <span class='ocr_line' id='line_1_27' title="bbox 95 2495 1078 2578; baseline 0.004 -21"><span class='ocrx_word' id='word_1_217' title='bbox 95 2495 264 2575; x_wconf 86' lang='lat' dir='ltr'><strong>Romanus,</strong></span> <span class='ocrx_word' id='word_1_218' title='bbox 289 2501 459 2562; x_wconf 84' lang='lat' dir='ltr'><strong>bucellam</strong></span> <span class='ocrx_word' id='word_1_219' title='bbox 482 2500 732 2564; x_wconf 79' lang='lat' dir='ltr'><strong>reconciliatione</strong></span> <span class='ocrx_word' id='word_1_220' title='bbox 755 2500 872 2578; x_wconf 64' lang='lat' dir='ltr'><strong>gratiae</strong></span> <span class='ocrx_word' id='word_1_221' title='bbox 891 2500 1036 2575; x_wconf 76' lang='lat' dir='ltr'><strong>coniungi</strong></span> <span class='ocrx_word' id='word_1_222' title='bbox 1059 2515 1078 2561; x_wconf 88' lang='lat' dir='ltr'><strong>a</strong></span> 
     </span>
     <span class='ocr_line' id='line_1_28' title="bbox 96 2581 1076 2662; baseline 0.006 -24"><span class='ocrx_word' id='word_1_223' title='bbox 96 2581 181 2644; x_wconf 91' lang='lat' dir='ltr'><strong>nobis</strong></span> <span class='ocrx_word' id='word_1_224' title='bbox 201 2585 327 2658; x_wconf 85' lang='lat' dir='ltr'><strong>sinatis;</strong></span> <span class='ocrx_word' id='word_1_225' title='bbox 355 2600 417 2647; x_wconf 91' lang='lat' dir='ltr'><strong>uno</strong></span> <span class='ocrx_word' id='word_1_226' title='bbox 438 2585 556 2662; x_wconf 89' lang='lat' dir='ltr'><strong>auimo,</strong></span> <span class='ocrx_word' id='word_1_227' title='bbox 576 2602 640 2648; x_wconf 89' lang='lat' dir='ltr'><strong>uno</strong></span> <span class='ocrx_word' id='word_1_228' title='bbox 659 2585 789 2648; x_wconf 90' lang='lat' dir='ltr'><strong>consilio</strong></span> <span class='ocrx_word' id='word_1_229' title='bbox 803 2585 912 2661; x_wconf 75' lang='lat' dir='ltr'><strong>legatis</strong></span> <span class='ocrx_word' id='word_1_230' title='bbox 927 2591 1076 2659; x_wconf 86' lang='lat' dir='ltr'><strong>senatum,</strong></span> 
     </span>
     <span class='ocr_line' id='line_1_29' title="bbox 96 2667 1078 2746; baseline 0.008 -24"><span class='ocrx_word' id='word_1_231' title='bbox 96 2667 210 2741; x_wconf 87' lang='lat' dir='ltr'><strong>equites</strong></span> <span class='ocrx_word' id='word_1_232' title='bbox 221 2667 421 2744; x_wconf 86' lang='lat' dir='ltr'><strong>recenseatis,</strong></span> <span class='ocrx_word' id='word_1_233' title='bbox 428 2670 528 2746; x_wconf 74' lang='lat' dir='ltr'><strong>agatis</strong></span> <span class='ocrx_word' id='word_1_234' title='bbox 539 2686 674 2743; x_wconf 89' lang='lat' dir='ltr'><strong>censum,</strong></span> <span class='ocrx_word' id='word_1_235' title='bbox 680 2672 810 2732; x_wconf 88' lang='lat' dir='ltr'><strong>lustrum</strong></span> <span class='ocrx_word' id='word_1_236' title='bbox 821 2668 977 2741; x_wconf 74' lang='lat' dir='ltr'><strong>condatis3</strong></span> <span class='ocrx_word' id='word_1_237' title='bbox 993 2668 1078 2745; x_wconf 91' lang='lat' dir='ltr'><strong>quod</strong></span> 
     </span>
     <span class='ocr_line' id='line_1_30' title="bbox 95 2745 1078 2830; baseline 0.007 -23"><span class='ocrx_word' id='word_1_238' title='bbox 95 2745 285 2814; x_wconf 91' lang='lat' dir='ltr'><strong>inomnibus</strong></span> <span class='ocrx_word' id='word_1_239' title='bbox 305 2753 370 2814; x_wconf 86' lang='lat' dir='ltr'><strong>lere</strong></span> <span class='ocrx_word' id='word_1_240' title='bbox 391 2752 619 2830; x_wconf 87' lang='lat' dir='ltr'><strong>precationibus</strong></span> <span class='ocrx_word' id='word_1_241' title='bbox 640 2752 857 2829; x_wconf 87' lang='lat' dir='ltr'><strong>nuncupabitis</strong></span> <span class='ocrx_word' id='word_1_242' title='bbox 872 2753 975 2814; x_wconf 89' lang='lat' dir='ltr'><strong>verbis</strong></span> <span class='ocrx_word' id='word_1_243' title='bbox 996 2759 1078 2828; x_wconf 89' lang='lat' dir='ltr'><strong>„„ut</strong></span> 
     </span>
     <span class='ocr_line' id='line_1_31' title="bbox 97 2834 1076 2913; baseline 0.003 -21"><span class='ocrx_word' id='word_1_244' title='bbox 97 2845 190 2896; x_wconf 84' lang='lat' dir='ltr'><strong>cares</strong></span> <span class='ocrx_word' id='word_1_245' title='bbox 202 2835 276 2896; x_wconf 91' lang='lat' dir='ltr'><strong>mibi</strong></span> <span class='ocrx_word' id='word_1_246' title='bbox 288 2838 488 2913; x_wconf 79' lang='lat' dir='ltr'><strong>collegaeque</strong></span> <span class='ocrx_word' id='word_1_247' title='bbox 503 2853 572 2898; x_wconf 89' lang='lat' dir='ltr'><strong>meo</strong></span> <span class='ocrx_word' id='word_1_248' title='bbox 583 2838 664 2898; x_wconf 89' lang='lat' dir='ltr'><strong>bene</strong></span> <span class='ocrx_word' id='word_1_249' title='bbox 675 2845 705 2900; x_wconf 91' lang='lat' dir='ltr'><strong>et</strong></span> <span class='ocrx_word' id='word_1_250' title='bbox 717 2834 844 2898; x_wconf 78' lang='lat' dir='ltr'><strong>feliciter</strong></span> <span class='ocrx_word' id='word_1_251' title='bbox 853 2834 1003 2909; x_wconf 81' lang='lat' dir='ltr'><strong>eveniat,“</strong></span> <span class='ocrx_word' id='word_1_252' title='bbox 1012 2838 1030 2869; x_wconf 84' lang='lat'>“</span> <span class='ocrx_word' id='word_1_253' title='bbox 1045 2834 1076 2895; x_wconf 87' lang='lat' dir='ltr'><strong>id</strong></span> 
     </span>
     <span class='ocr_line' id='line_1_32' title="bbox 95 2912 1078 2998; baseline 0.002 -21"><span class='ocrx_word' id='word_1_254' title='bbox 95 2912 180 2979; x_wconf 85' lang='lat' dir='ltr'><strong>itaut</strong></span> <span class='ocrx_word' id='word_1_255' title='bbox 194 2934 282 2994; x_wconf 90' lang='lat' dir='ltr'><strong>vere,</strong></span> <span class='ocrx_word' id='word_1_256' title='bbox 299 2927 340 2998; x_wconf 31' lang='lat' dir='ltr'><strong>,ut</strong></span> <span class='ocrx_word' id='word_1_257' title='bbox 353 2935 393 2980; x_wconf 84' lang='lat' dir='ltr'><strong>ex</strong></span> <span class='ocrx_word' id='word_1_258' title='bbox 410 2921 511 2983; x_wconf 89' lang='lat' dir='ltr'><strong>animo</strong></span> <span class='ocrx_word' id='word_1_259' title='bbox 526 2920 627 2983; x_wconf 86' lang='lat' dir='ltr'><strong>velitis</strong></span> <span class='ocrx_word' id='word_1_260' title='bbox 641 2922 783 2994; x_wconf 89' lang='lat' dir='ltr'><strong>evenire,</strong></span> <span class='ocrx_word' id='word_1_261' title='bbox 804 2917 1023 2994; x_wconf 70' lang='lat' dir='ltr'><strong>concisusque,</strong></span> <span class='ocrx_word' id='word_1_262' title='bbox 1044 2926 1078 2979; x_wconf 92' lang='lat' dir='ltr'><strong>ut</strong></span> 
     </span>
     <span class='ocr_line' id='line_1_33' title="bbox 98 3002 1078 3080; baseline 0.003 -20"><span class='ocrx_word' id='word_1_263' title='bbox 98 3003 177 3072; x_wconf 88' lang='lat' dir='ltr'><strong>quod</strong></span> <span class='ocrx_word' id='word_1_264' title='bbox 198 3004 276 3065; x_wconf 91' lang='lat' dir='ltr'><strong>deos</strong></span> <span class='ocrx_word' id='word_1_265' title='bbox 290 3005 406 3079; x_wconf 90' lang='lat' dir='ltr'><strong>precati</strong></span> <span class='ocrx_word' id='word_1_266' title='bbox 420 3005 519 3080; x_wconf 89' lang='lat' dir='ltr'><strong>eritis,</strong></span> <span class='ocrx_word' id='word_1_267' title='bbox 539 3004 572 3065; x_wconf 86' lang='lat' dir='ltr'><strong>id</strong></span> <span class='ocrx_word' id='word_1_268' title='bbox 586 3019 644 3066; x_wconf 92' lang='lat' dir='ltr'><strong>vos</strong></span> <span class='ocrx_word' id='word_1_269' title='bbox 657 3005 738 3067; x_wconf 87' lang='lat' dir='ltr'><strong>velle</strong></span> <span class='ocrx_word' id='word_1_270' title='bbox 752 3003 843 3064; x_wconf 94' lang='lat' dir='ltr'><strong>etiam</strong></span> <span class='ocrx_word' id='word_1_271' title='bbox 855 3002 997 3064; x_wconf 87' lang='lat' dir='ltr'><strong>homiues</strong></span> <span class='ocrx_word' id='word_1_272' title='bbox 1012 3017 1078 3063; x_wconf 90' lang='lat' dir='ltr'><strong>cre·</strong></span> 
     </span>
    </p>
   </div>
   <div class='ocr_carea' id='block_1_3' title="bbox 97 3081 1184 3164">
    <p class='ocr_par' dir='ltr' id='par_1_3' title="bbox 97 3081 1184 3164">
     <span class='ocr_line' id='line_1_34' title="bbox 97 3081 1184 3164; baseline 0.006 -23"><span class='ocrx_word' id='word_1_273' title='bbox 97 3081 211 3148; x_wconf 86' lang='lat' dir='ltr'><strong>damus.</strong></span> <span class='ocrx_word' id='word_1_274' title='bbox 236 3088 269 3147; x_wconf 88' lang='grc' dir='ltr'><strong>Τ.</strong></span> <span class='ocrx_word' id='word_1_275' title='bbox 284 3085 388 3150; x_wconf 83' lang='lat' dir='ltr'><strong>Tatius</strong></span> <span class='ocrx_word' id='word_1_276' title='bbox 409 3088 617 3164; x_wconf 76' lang='lat' dir='ltr'><strong>sinemurus,</strong></span> <span class='ocrx_word' id='word_1_277' title='bbox 638 3088 670 3149; x_wconf 92' lang='lat' dir='ltr'><strong>in</strong></span> <span class='ocrx_word' id='word_1_278' title='bbox 685 3085 773 3150; x_wconf 88' lang='lat' dir='ltr'><strong>cuius</strong></span> <span class='ocrx_word' id='word_1_279' title='bbox 791 3083 876 3148; x_wconf 88' lang='lat' dir='ltr'><strong>urbis</strong></span> <span class='ocrx_word' id='word_1_280' title='bbox 890 3085 993 3148; x_wconf 89' lang='lat' dir='ltr'><strong>medio</strong></span> <span class='ocrx_word' id='word_1_281' title='bbox 1008 3087 1076 3148; x_wconf 86' lang='lat' dir='ltr'><strong>loro</strong></span> <span class='ocrx_word' id='word_1_282' title='bbox 1181 3154 1184 3159; x_wconf 15' lang='grc' dir='ltr'><strong>Δ</strong></span> 
     </span>
    </p>
   </div>
   <div class='ocr_carea' id='block_1_4' title="bbox 97 3166 1077 3497">
    <p class='ocr_par' dir='ltr' id='par_1_4' title="bbox 97 3166 1077 3497">
     <span class='ocr_line' id='line_1_35' title="bbox 98 3166 1077 3249; baseline 0.006 -26"><span class='ocrx_word' id='word_1_283' title='bbox 98 3166 159 3228; x_wconf 90' lang='lat' dir='ltr'><strong>acie</strong></span> <span class='ocrx_word' id='word_1_284' title='bbox 178 3171 287 3233; x_wconf 90' lang='lat' dir='ltr'><strong>hostes</strong></span> <span class='ocrx_word' id='word_1_285' title='bbox 308 3179 540 3249; x_wconf 89' lang='lat' dir='ltr'><strong>concurrerant,</strong></span> <span class='ocrx_word' id='word_1_286' title='bbox 560 3169 603 3234; x_wconf 87' lang='lat' dir='ltr'><strong>ibi</strong></span> <span class='ocrx_word' id='word_1_287' title='bbox 618 3170 792 3234; x_wconf 87' lang='lat' dir='ltr'><strong>concordes</strong></span> <span class='ocrx_word' id='word_1_288' title='bbox 805 3175 981 3247; x_wconf 71' lang='lat' dir='ltr'><strong>regnarunt.</strong></span> <span class='ocrx_word' id='word_1_289' title='bbox 1015 3185 1077 3232; x_wconf 92' lang='lat' dir='ltr'><strong>non</strong></span> 
     </span>
     <span class='ocr_line' id='line_1_36' title="bbox 97 3251 1077 3332; baseline 0.007 -26"><span class='ocrx_word' id='word_1_290' title='bbox 97 3253 183 3315; x_wconf 91' lang='lat' dir='ltr'><strong>modo</strong></span> <span class='ocrx_word' id='word_1_291' title='bbox 200 3253 385 3331; x_wconf 87' lang='lat' dir='ltr'><strong>simultates,</strong></span> <span class='ocrx_word' id='word_1_292' title='bbox 407 3255 463 3317; x_wconf 87' lang='lat' dir='ltr'><strong>sed</strong></span> <span class='ocrx_word' id='word_1_293' title='bbox 480 3257 561 3317; x_wconf 89' lang='lat' dir='ltr'><strong>bella</strong></span> <span class='ocrx_word' id='word_1_294' title='bbox 575 3271 701 3332; x_wconf 89' lang='lat' dir='ltr'><strong>quoque</strong></span> <span class='ocrx_word' id='word_1_295' title='bbox 718 3255 878 3317; x_wconf 80' lang='lat' dir='ltr'><strong>liniuntur:</strong></span> <span class='ocrx_word' id='word_1_296' title='bbox 904 3270 944 3315; x_wconf 85' lang='lat' dir='ltr'><strong>ex</strong></span> <span class='ocrx_word' id='word_1_297' title='bbox 957 3251 1077 3314; x_wconf 88' lang='lat' dir='ltr'><strong>inlestis</strong></span> 
     </span>
     <span class='ocr_line' id='line_1_37' title="bbox 98 3327 1077 3416; baseline 0.005 -26"><span class='ocrx_word' id='word_1_298' title='bbox 98 3327 233 3399; x_wconf 86' lang='lat' dir='ltr'><strong>hostibus</strong></span> <span class='ocrx_word' id='word_1_299' title='bbox 260 3340 441 3416; x_wconf 87' lang='lat' dir='ltr'><strong>plerumque</strong></span> <span class='ocrx_word' id='word_1_300' title='bbox 460 3338 539 3401; x_wconf 90' lang='lat' dir='ltr'><strong>socii</strong></span> <span class='ocrx_word' id='word_1_301' title='bbox 558 3339 682 3411; x_wconf 83' lang='lat' dir='ltr'><strong>fideles,</strong></span> <span class='ocrx_word' id='word_1_302' title='bbox 709 3339 860 3400; x_wconf 90' lang='lat' dir='ltr'><strong>interdum</strong></span> <span class='ocrx_word' id='word_1_303' title='bbox 881 3336 971 3399; x_wconf 88' lang='lat' dir='ltr'><strong>etiam</strong></span> <span class='ocrx_word' id='word_1_304' title='bbox 993 3335 1077 3396; x_wconf 88' lang='lat' dir='ltr'><strong>cives</strong></span> 
     </span>
     <span class='ocr_line' id='line_1_38' title="bbox 99 3413 1064 3497; baseline 0.004 -24"><span class='ocrx_word' id='word_1_305' title='bbox 99 3413 177 3480; x_wconf 85' lang='lat' dir='ltr'><strong>liunt</strong></span> <span class='ocrx_word' id='word_1_306' title='bbox 199 3422 310 3483; x_wconf 80' lang='lat' dir='ltr'><strong>Albani</strong></span> <span class='ocrx_word' id='word_1_307' title='bbox 325 3423 425 3484; x_wconf 84' lang='lat' dir='ltr'><strong>diruta</strong></span> <span class='ocrx_word' id='word_1_308' title='bbox 434 3425 516 3485; x_wconf 77' lang='lat' dir='ltr'><strong>Alba</strong></span> <span class='ocrx_word' id='word_1_309' title='bbox 527 3424 654 3485; x_wconf 87' lang='lat' dir='ltr'><strong>Romam</strong></span> <span class='ocrx_word' id='word_1_310' title='bbox 665 3422 795 3486; x_wconf 85' lang='lat' dir='ltr'><strong>traducti</strong></span> <span class='ocrx_word' id='word_1_311' title='bbox 810 3427 890 3497; x_wconf 90' lang='lat' dir='ltr'><strong>sunt,</strong></span> <span class='ocrx_word' id='word_1_312' title='bbox 900 3416 1008 3492; x_wconf 86' lang='lat' dir='ltr'><strong>Latini,</strong></span> <span class='ocrx_word' id='word_1_313' title='bbox 1020 3416 1064 3478; x_wconf 88' lang='lat' dir='ltr'><strong>Sa</strong></span> 
     </span>
    </p>
   </div>
   <div class='ocr_carea' id='block_1_5' title="bbox 99 3494 1075 3584">
    <p class='ocr_par' dir='ltr' id='par_1_5' title="bbox 99 3494 1075 3584">
     <span class='ocr_line' id='line_1_39' title="bbox 99 3494 1075 3584; baseline 0.005 -29"><span class='ocrx_word' id='word_1_314' title='bbox 99 3494 157 3560; x_wconf 93' lang='lat' dir='ltr'><strong>bini</strong></span> <span class='ocrx_word' id='word_1_315' title='bbox 169 3504 199 3564; x_wconf 91' lang='lat' dir='ltr'><strong>in</strong></span> <span class='ocrx_word' id='word_1_316' title='bbox 215 3504 366 3568; x_wconf 88' lang='lat' dir='ltr'><strong>civitatem</strong></span> <span class='ocrx_word' id='word_1_317' title='bbox 381 3507 509 3583; x_wconf 86' lang='lat' dir='ltr'><strong>accepti.</strong></span> <span class='ocrx_word' id='word_1_318' title='bbox 532 3509 688 3584; x_wconf 78' lang='lat' dir='ltr'><strong>vulgatum</strong></span> <span class='ocrx_word' id='word_1_319' title='bbox 701 3506 785 3580; x_wconf 89' lang='lat' dir='ltr'><strong>illud,</strong></span> <span class='ocrx_word' id='word_1_320' title='bbox 801 3504 874 3581; x_wconf 88' lang='lat' dir='ltr'><strong>quia</strong></span> <span class='ocrx_word' id='word_1_321' title='bbox 885 3516 992 3562; x_wconf 87' lang='lat' dir='ltr'><strong>verunt</strong></span> <span class='ocrx_word' id='word_1_322' title='bbox 1003 3509 1075 3572; x_wconf 88' lang='lat' dir='ltr'><strong>erat,</strong></span> 
     </span>
    </p>
   </div>
   <div class='ocr_carea' id='block_1_6' title="bbox 0 0 1326 4017">
    <p class='ocr_par' dir='ltr' id='par_1_6' title="bbox 0 0 1326 4017">
     <span class='ocr_line' id='line_1_40' title="bbox 0 0 1326 4017; baseline 0 1"><span class='ocrx_word' id='word_1_323' title='bbox 0 0 1326 4017; x_wconf 95' lang='lat' dir='ltr'><strong> </strong></span> 
     </span>
    </p>
   </div>
  </div>
 </body>
</html>
