2642 4017
263 280 380 430 cicun
393 312 481 379 xcii.
504 318 700 420 ochram
717 323 797 394 [ac.
810 325 872 392 ιιι]
1013 320 1074 384 los

95 484 149 528 res
165 483 226 530 non
245 472 307 526 mm
327 481 446 541 aequos
464 483 556 541 quam
574 473 618 540 te,
641 467 676 543 Q.
690 467 801 542 blanci,
823 475 982 546 paternum
1002 473 1076 533 ami·

96 567 169 614 cum
183 556 213 610 et
225 549 395 639 hospitem,
416 549 576 610 habebam.
605 552 664 611 sed
687 552 823 613 nondum
843 555 972 615 Romam
987 571 1076 616 accu-

97 641 185 696 sator
199 633 354 695 Eumenes
377 641 517 708 venerat,
542 634 596 708 qui
615 636 829 697 calumniando
850 638 952 698 omnia
974 638 1076 700 detor·

97 717 284 795 quandoque
299 724 444 792 suspecta
458 724 488 777 et
500 717 600 778 invisa
613 718 765 795 alliceret,
779 726 810 780 et
822 722 1011 796 persuadere
1020 739 1076 783 vo·

94 802 146 861 bis
160 808 322 863 conaretur
336 815 398 860 non
413 816 508 878 posse
523 800 681 861 Graeciam
696 803 727 862 in
741 801 878 865 libertate
892 820 965 865 esse
979 812 1010 866 et
1022 822 1076 867 ve·

95 893 161 947 stro
182 883 403 967 munerelrui,
425 884 530 960 quoad
551 900 680 960 regnum
699 885 901 949 Macedoniae
922 889 1076 952 incolume

94 975 191 1031 esset.
216 968 438 1042 circumagetur
447 968 498 1028 hic
517 968 617 1028 orbis=
631 969 688 1030 erit
698 985 771 1030 mox
785 972 838 1046 qui
851 981 959 1046 arguat
969 976 1075 1050 nequi·

96 1068 191 1129 quam
209 1050 394 1113 Antiochum
418 1052 498 1113 ultra
522 1051 595 1126 iuga
614 1052 703 1112 Tauri
729 1060 877 1129 emotum,
903 1057 1075 1130 graviorem

94 1135 191 1196 multo
205 1135 300 1196 Asiae
324 1151 416 1210 quam
436 1133 607 1196 Antiochus
627 1136 717 1197 luerit
736 1137 892 1198 Eumenen
910 1155 996 1215 esse,
1016 1156 1074 1202 uec

95 1219 318 1295 conquiescere
334 1219 439 1280 socios
453 1225 573 1280 vestros
593 1234 703 1294 posse,
720 1222 824 1296 quoad
838 1222 922 1297 regia
935 1222 1071 1298 Pergami

95 1303 150 1364 sio
164 1318 233 1363 eam
247 1317 348 1363 arcem
363 1317 458 1378 supra
473 1302 573 1379 capita
587 1302 780 1365 finitimarum
795 1305 960 1367 civitatium
974 1308 1072 1382 impo-

47 1386 48 1391 ’
95 1388 195 1448 sitam.
223 1401 282 1462 ego
296 1386 389 1460 haec,
406 1384 440 1459 Q.
455 1386 549 1460 Marci
564 1392 594 1446 et
608 1390 645 1446 Α.
660 1386 749 1460 Atili,
771 1404 850 1464 qnae
870 1395 923 1449 aut
942 1404 962 1448 a
983 1389 1072 1451 vobis

94 1469 218 1531 obiecta
231 1476 284 1531 aut
300 1477 430 1545 purgem
445 1485 525 1529 ame
540 1476 625 1544 sunt,
645 1471 718 1529 talia
738 1487 811 1532 esse
824 1472 908 1544 scio,
923 1479 957 1533 ιιι
971 1488 1072 1549 aures,

95 1561 131 1615 ιιι
145 1554 236 1615 animi
252 1554 439 1614 audientium
454 1554 529 1628 sint,
551 1567 609 1613 nec
626 1560 687 1613 tam
709 1556 839 1629 reterre,
860 1553 935 1631 quid
947 1570 1006 1631 ego
1020 1564 1072 1619 aut

96 1653 160 1713 quc
176 1643 277 1698 mente
292 1637 430 1710 fecerim,
448 1652 540 1712 quam
556 1637 713 1713 quomodo
732 1636 766 1697 id
786 1652 844 1698 vos
865 1639 979 1700 iactum
992 1641 1071 1701 coci·

94 1721 199 1799 piatis.
228 1720 373 1782 conscius
387 1720 459 1781 mihi
474 1737 542 1781 sum
557 1719 631 1780 nihil
653 1735 704 1780 me
724 1721 871 1782 scientem
893 1723 1072 1801 deliquisse,

93 1812 125 1867 et
139 1803 168 1865 si
182 1805 257 1881 quid
269 1805 393 1865 fecerim
400 1804 603 1880 imprudentia
613 1804 731 1880 lapsus,
743 1805 853 1880 corrigi
866 1821 914 1867 me
926 1814 957 1869 et
970 1823 1071 1868 emen·

93 1888 161 1950 dari
177 1888 377 1964 castigatione
395 1888 454 1948 hac
475 1903 581 1964 posse.
616 1886 691 1947 nihil
708 1893 790 1948 certe
809 1887 992 1966 insanabile,
1014 1907 1072 1952 nec

93 1971 181 2047 quod
193 1972 275 2034 bello
289 1979 320 2032 et
335 1973 426 2033 armis
441 1971 690 2048 persequendum
711 1986 784 2032 esse
805 1973 973 2048 censeatis,
988 1988 1057 2034 com

91 2054 180 2117 misia
201 2063 254 2117 aut
271 2057 384 2118 frustm
405 2055 583 2117 clementiae
607 2054 828 2130 gravitatisque
847 2062 970 2116 vestrae
991 2057 1073 2116 lama

91 2139 218 2213 vulgata
233 2155 287 2214 per
299 2146 406 2215 gentes
423 2146 479 2213 est,
495 2138 647 2200 sitalibus
662 2139 827 2214 decausis,
843 2138 986 2213 quaevix
997 2155 1071 2214 que·

91 2223 159 2282 reia
173 2228 203 2282 et
217 2223 463 2298 expostulatione
477 2223 588 2299 dignae
605 2229 690 2295 sunt,
716 2238 802 2283 arma
822 2221 931 2297 capitis
947 2229 977 2282 et
990 2223 1069 2299 regi·

95 2306 155 2366 bus
172 2306 266 2367 sociis
281 2307 363 2367 bella
374 2306 523 2368 intertis.“
565 2359 569 2368 .

116 2411 118 2413 ·
179 2389 282 2449 XLlIl.
307 2390 392 2451 Haec
413 2390 564 2450 dicentem
584 2397 614 2450 et
636 2406 706 2451 cum
726 2390 864 2455 adsensu
883 2388 1016 2449 Marcius
1037 2387 1070 2429 **

91 2479 200 2534 auctor
216 2473 271 2534 iuit
284 2473 421 2535 mittendi
435 2475 563 2535 Romam
577 2474 712 2550 legatos,
728 2489 797 2536 cum
809 2472 996 2548 experienda
1007 2489 1071 2534 om·

93 2556 146 2616 nia
159 2557 200 2617 ad
214 2557 351 2619 ultimum
366 2573 423 2618 nec
446 2558 744 2633 praetermittendam
769 2573 857 2634 spem
881 2557 974 2618 ullam
1000 2572 1071 2618 cen·

91 2639 216 2701 suisset.
244 2642 363 2716 reliqua
373 2641 555 2703 consultatio
567 2648 645 2715 erat,
661 2656 795 2718 quonam
805 2640 898 2702 modo
908 2647 1003 2701 tutum
1014 2640 1072 2701 iter

92 2725 201 2799 legatis
215 2732 308 2786 esset.
337 2726 378 2785 ad
392 2725 425 2785 id
440 2741 510 2785 cum
522 2725 700 2786 necessaria
714 2725 819 2800 petitio
831 2724 1014 2785 indutiarum
1027 2724 1070 2783 vi·

91 2807 230 2883 deretur,
245 2815 433 2884 cuperetque
446 2807 578 2869 Marcius
593 2823 694 2884 neque
708 2808 793 2869 aliud
808 2808 961 2882 colloquio
977 2808 1070 2882 petis·

91 2898 154 2965 set,
169 2899 295 2966 gravate
311 2892 386 2952 etin
404 2907 545 2967 magnam
558 2890 685 2967 gratiam
700 2891 831 2966 petentis
848 2890 1011 2951 concessit
1025 2891 1071 2952 ni·

91 2972 136 3034 hil
151 2976 231 3036 enim
246 2975 323 3036 satis
337 2982 477 3051 paratum
490 2975 530 3034 ad
545 2973 658 3035 bellum
672 2973 704 3032 in
725 2974 900 3050 praesentia
916 2972 1071 3034 habebant

91 3058 238 3132 Romani,
262 3076 323 3120 uon
344 3060 527 3133 exercitum,
547 3074 608 3119 non
631 3059 755 3132 ducem,
778 3073 846 3117 cum
867 3056 1014 3130 Perseus,
1038 3057 1070 3116 ni

91 3157 167 3218 spes
182 3159 263 3203 vana
277 3143 365 3218 pacis
381 3149 580 3203 occaecasset
599 3140 743 3215 consilia,
766 3139 868 3200 omnia
887 3147 1071 3217 praeparata

92 3232 185 3301 atque
199 3227 349 3288 instructa
361 3226 505 3299 haberet,
531 3231 562 3286 et
586 3240 643 3285 suo
667 3222 800 3285 maxime
817 3229 956 3300 tempore
976 3232 1070 3299 atque

92 3309 193 3370 alieno
209 3310 352 3372 hostibus
366 3309 502 3385 incipere
514 3309 627 3369 bellum
642 3315 759 3384 posset.

174 3394 224 3455 Ab
238 3395 299 3455 hoc
315 3394 470 3469 colloquio
491 3393 554 3453 fide
573 3392 756 3453 indutiarum
776 3391 956 3468 interposita
978 3390 1069 3461 legati

90 3476 223 3539 Romani
236 3479 268 3538 in
281 3478 441 3540 Boeotiam
457 3476 625 3553 comparati
640 3482 720 3538 sunt.
749 3475 791 3536 ibi
805 3475 865 3534 iam
880 3480 983 3534 motus
998 3484 1070 3563 coe3

91 3568 182 3638 perat
201 3577 273 3622 esse
293 3559 523 3622 discedentibus
551 3578 570 3621 a
589 3559 738 3621 societate
760 3555 929 3619 communis
951 3550 1072 3613 concilii
