2642 4017
230 223 260 266 ,v
618 199 806 253 interimo.

230 359 271 407 ric
289 370 304 406 e
320 354 493 422 gremmuticis
510 353 654 403 tribuantur
671 367 721 402 non
740 353 829 417 putavi
841 367 898 403 esse
917 354 1069 414 omittendu3
1089 356 1119 407 id
1130 363 1226 407 eutem

229 426 298 490 quod
315 440 329 475 e
345 424 425 474 Nonio
439 421 557 473 Marcello
572 429 619 481 est,
637 421 673 471 ita
691 429 730 471 est
746 428 900 487 corruptum,
918 431 946 472 ut
962 438 1027 486 qnae
1039 425 1108 474 Livii
1124 440 1228 476 manus

230 494 306 546 drerlt
322 493 364 543 vix
375 494 457 558 possit
468 498 595 543 constare.
622 488 738 552 Denique
755 504 806 539 non
820 492 986 543 omittendum
999 493 1134 543 videbitur
1146 494 1226 560 frng-

213 557 216 562 ’
229 571 342 614 mentum
354 561 571 627 septuagesimum
580 557 696 625 alterum,
706 558 753 609 sed
764 574 823 609 cum
834 559 945 610 dubitari
953 561 1089 612 scirem-
1098 563 1134 613 ci.
1146 564 1223 612 Anu.

230 633 349 696 Morburg
366 645 407 684 en.
419 626 496 682 1848.
516 624 670 694 p.8so.-‚
689 642 748 676 num
757 628 825 679 Livii
843 636 918 693 esset,
938 628 1028 680 ultimo
1044 630 1102 681 ioco
1119 647 1226 698 ponen-
1314 671 1315 714 p

230 702 291 752 dum
301 702 399 766 poturi.
427 701 455 748 in
464 698 639 749 columnarum
654 696 742 746 ordine
750 696 925 764 Kreyssiginm
935 707 1038 749 secutus
1053 714 1120 762 sum,
1139 716 1225 764 quem

231 773 285 820 iure
301 771 385 835 priore
402 766 459 818 ioco
475 767 594 832 posuisse
610 779 666 814 eam
685 779 750 827 quse
768 780 783 815 s
798 767 881 816 verbis
901 766 966 829 PQ.
985 768 1108 819 Lentulus
1127 770 1225 835 incipit

230 841 306 890 etium
325 837 384 888 inde
399 836 499 886 videtur
511 834 595 901 colligi
613 847 699 899 posse,
718 834 785 897 quod
803 836 828 883 in
842 837 960 886 extremis
975 837 1031 886 eins
1044 838 1132 887 verbis
1147 839 1224 889 ordi·

231 922 291 958 num
309 907 441 956 dissensus
456 911 668 954 commemoratus
680 909 733 968 est,
753 904 826 953 cuius
843 911 948 955 eventus
966 905 1042 969 punio
1060 912 1120 972 post
1136 922 1223 972 expo·

231 978 308 1027 nitur.
337 976 393 1024 inre
410 973 477 1022 idem
488 973 656 1023 Marcellinus
675 971 826 1036 emendavit,
840 974 916 1023 etiem
929 971 1057 1023 Huschkio
1070 976 1224 1040 probitum,

232 1054 256 1095 et
273 1045 333 1093 illae
345 1042 483 1106 peracutis,
501 1042 545 1091 ubi
556 1040 672 1091 Pertzius
691 1041 774 1089 minus
791 1047 858 1091 recte
876 1040 934 1091 iride
946 1045 1078 1108 perpentis
1088 1054 1222 1097 suaserat.

231 1111 283 1162 Sed
300 1110 398 1175 dubito,
416 1125 476 1158 num
496 1110 520 1158 in
534 1109 564 1171 Q.
580 1109 653 1158 litere
670 1108 748 1158 lateat
765 1109 903 1170 Cornelius,
922 1125 1000 1173 quere
1017 1111 1222 1163 Mommsenium

231 1187 333 1230 secutus
362 1192 433 1235 sum3
469 1191 622 1240 quamquam
646 1179 722 1226 etium
743 1178 769 1226 in
793 1178 920 1228 Puteaneo
949 1179 1037 1229 codice
1062 1180 1134 1232 lund
1161 1197 1223 1232 rnro

232 1249 306 1313 signs
319 1247 512 1298 inveninutnrei
528 1246 595 1310 quod
611 1246 638 1297 h.
649 1245 667 1297 Ι.
683 1247 839 1311 conspicitur
853 1246 957 1308 similis,
975 1246 1008 1297 ci.
1023 1247 1222 1301 Alschefskinm
1314 1257 1315 1264 ’

233 1316 342 1371 roilli.
361 1330 388 1382 p.
400 1314 468 1365 XIV.
487 1322 511 1365 et
526 1319 592 1367 Anu.
611 1315 740 1379 Marburg.
757 1316 816 1364 anni
837 1311 898 1366 1847
916 1329 944 1380 p.
956 1314 1034 1368 1001.
1052 1318 1147 1369 deinde
1166 1334 1221 1369 non

232 1386 346 1437 dubitari
362 1399 408 1450 pro
425 1387 559 1450 ,‚actore“,
580 1384 649 1447 quod
666 1384 692 1432 iu
706 1381 800 1433 scheda
815 1386 937 1450 scriptum
952 1392 1006 1445 est,
1023 1385 1054 1434 de
1072 1385 1220 1454 Kreyssigii

232 1456 356 1508 sententis
377 1463 480 1505 nucem
499 1453 635 1519 praeferre.
666 1453 736 1503 Idem
756 1452 909 1520 paulopost
927 1454 1047 1516 ‚imperio
1064 1456 1220 1506 conannas

230 1527 297 1589 Μ’(
324 1524 448 1589 scriptum
477 1521 557 1572 inimo
583 1527 683 1582 censet,
711 1521 755 1570 nbi
780 1522 895 1571 Pertzius
919 1523 1087 1585 mmponendn
1114 1525 1219 1583 suadet,

232 1594 301 1657 quod
319 1593 405 1643 nescio
423 1606 456 1642 an
473 1592 558 1656 aptius
574 1590 690 1641 rideatur
707 1590 837 1640 eduorum
854 1591 1020 1656 provinciam.
1047 1591 1085 1641 De
1098 1592 1220 1642 ordinum
1301 1609 1309 1652 i

232 1661 360 1713 discordia
382 1660 548 1725 sagacissime
566 1660 684 1724 exposuit
699 1658 857 1720 Huschkius‚
881 1660 927 1709 sed
943 1659 1012 1723 quod
1031 1660 1154 1711 innitere
1174 1676 1220 1711 co-

233 1731 320 1780 lumni
343 1729 504 1780 scribendum
528 1743 584 1779 esse
604 1734 678 1793 putat
701 1728 789 1792 ‚sorte
810 1731 922 1780 consulto
945 1728 1035 1779 mtbo“
1059 1730 1105 1781 vix
1123 1732 1221 1795 poterit

233 1799 344 1866 probari,
354 1812 411 1847 cum
421 1797 499 1847 huius
510 1797 646 1847 locutionis
655 1796 752 1846 nullum
764 1804 846 1848 exstet
856 1797 1011 1863 exemplum,
1022 1812 1104 1862 neque
1122 1813 1168 1849 sm
1176 1800 1218 1849 bo

233 1869 349 1920 videntur
367 1867 443 1917 adiici
460 1868 576 1931 potuisse
594 1866 626 1916 sd
644 1866 695 1916 duo
714 1866 843 1919 adverbia.
874 1867 1039 1933 Kreyssigius
1053 1868 1152 1917 Pertzio
1168 1868 1217 1919 ad·

233 1939 344 1988 sentiens
368 1938 481 1987 mucules
499 1936 569 1987 crudo
587 1935 690 2000 probet,
715 1935 761 1984 sed
785 1944 862 2001 atque
880 1936 1002 1986 omissum
1023 1944 1082 2000 post
1099 1954 1125 1988 v.
1144 1937 1218 1987 ande

234 2007 335 2068 deinde,
353 2014 381 2056 ut
398 2008 436 2056 rel
453 2006 484 2055 ab
501 2005 529 2055 h.
548 2005 564 2055 Ι.
584 2004 697 2055 alienum
714 2012 881 2066 removeatur,
901 2004 1038 2071 legendnm
1055 2019 1112 2056 esse
1128 2014 1218 2056 censet

233 2114 249 2137 ‚,
397 2076 500 2126 inditium
520 2082 546 2126 et
564 2074 759 2131 candidation“,·
786 2080 810 2124 et
826 2074 875 2124 hoc
893 2074 995 2137 quidem
1018 2089 1068 2124 non
1087 2075 1218 2138 improba·

233 2146 284 2197 bile
301 2146 415 2204 videtur,
439 2144 486 2193 sed
502 2151 577 2210 atque
596 2143 690 2194 addere
707 2143 792 2192 nescio
810 2156 842 2191 un
863 2143 986 2193 audacius
1005 2143 1039 2191 sit
1056 2141 1215 2194 habendum.

234 2216 272 2264 An
288 2214 335 2265 init
352 2214 531 2280 „Quintumque
540 2212 711 2263 Meteiium-
720 2226 850 2276 copnomen
863 2212 922 2276 suit,
938 2218 1020 2261 tumet
1035 2210 1216 2263 candidatrmr“
1304 2263 1311 2276 ,

234 2285 377 2336 etc—sed
387 2282 528 2333 consultius
536 2282 636 2333 videtur
645 2281 873 2331 cumMommseuio
885 2282 924 2330 cel
932 2295 1043 2331 servare.
1060 2281 1216 2331 {uredeinde
1302 2289 1311 2336 ι

233 2352 395 2417 Kreyssigius
404 2351 582 2417 rugientesque
595 2350 746 2409 emendavit,
758 2364 816 2399 cum
827 2350 942 2399 Pertzius
957 2350 1143 2415 fugientemque
1153 2350 1215 2399 scri·
1303 2339 1309 2350 '

233 2421 335 2486 psisset.
370 2420 425 2469 Non
444 2422 528 2470 minus
550 2420 628 2469 dubis
650 2426 709 2469 sunt
732 2433 797 2481 quse
820 2419 846 2467 in
864 2419 1010 2469 membrano
1030 2418 1148 2485 leguntur
1169 2418 1214 2467 do-

233 2488 322 2554 (mu)m
339 2504 362 2553 q.
378 2491 515 2550 propriore
533 2495 602 2545 erat,
626 2489 651 2537 in
669 2487 761 2549 quibus
777 2488 980 2552 Pertzins‚'cnm
1003 2502 1052 2550 quo
1070 2486 1214 2536 Huschkius

234 2558 301 2616 iecit,
320 2557 396 2605 lutere
414 2563 486 2620 putet
504 2555 616 2616 ‚storum
635 2558 679 2619 pui
690 2562 860 2619 propraetore
877 2554 953 2607 εναι(ι
973 2557 1133 2623 Kreyssigius
1152 2556 1214 2616 „do-

232 2642 292 2674 mum
311 2640 376 2689 puae
391 2625 498 2685 propior
515 2626 601 2673 erar‘.
618 2623 696 2673 Plane
712 2626 807 2675 incerto
825 2632 883 2674 sunt
894 2625 984 2675 ultima
996 2627 1081 2678 verbu.
1100 2626 1214 2675 Pertnius

232 2694 359 2743 literarum
385 2693 513 2757 apicibus,
542 2692 585 2756 qui
609 2692 656 2742 soii
681 2700 793 2754 exstent,
820 2695 865 2760 „iu
890 2695 1101 2759 propupnaeuiurn
1123 2708 1213 2757 perue-

232 2764 286 2811 nit“
309 2761 444 2827 significari
460 2769 545 2827 putat,
569 2761 648 2824 idque
669 2763 784 2828 probavit
802 2763 962 2830 Kreyssigio;
989 2763 1134 2813 Huschkius
1158 2764 1212 2828 ,μή-

231 2834 301 2896 penti
314 2845 399 2897 pupna
417 2833 502 2881 civiter
517 2833 665 2895 peruenir‘,
686 2832 732 2881 sed
748 2832 833 2881 nescio
851 2846 883 2881 au
901 2830 949 2881 hoc
964 2845 1065 2894 quoqne
1082 2831 1212 2897 longinse

232 2900 360 2949 literarum
386 2902 500 2967 vestigiis
518 2901 628 2951 recedet.
664 2899 796 2951 Libentius
814 2900 943 2951 Huschkio
969 2901 1071 2951 credam
1088 2900 1211 2966 fragmen-

233 2976 285 3018 tum
303 2984 335 3018 ex
353 2971 417 3022 libro
437 2971 602 3037 nonagesimo
620 2977 709 3032 quarto
726 2975 865 3033 sumptum,
884 2978 908 3020 et
926 2985 991 3031 qnae
1006 2970 1139 3020 traduntur
1151 2983 1173 3018 a.
1184 2984 1208 3018 u.

232 3037 456 3103 septingentesimo
481 3040 635 3105 octogesimo
658 3039 741 3104 primo
765 3045 822 3087 ecta
843 3053 908 3090 esse.
940 3037 976 3088 De
994 3038 1099 3102 reliquis
1117 3044 1210 3088 tentum

232 3107 259 3156 id
278 3107 379 3171 eddom,
397 3109 423 3157 in
441 3108 582 3173 fragmento
600 3121 677 3173 nono,
696 3107 765 3170 qnod
781 3121 796 3155 a
814 3104 928 3156 charisio
946 3114 1073 3157 servatum
1092 3114 1139 3168 est,
1157 3108 1209 3171 ipsu

232 3175 298 3226 Livii
317 3177 407 3236 verbe,
426 3184 529 3241 propter
547 3190 610 3240 quae
628 3175 699 3227 locus
719 3183 756 3224 est
769 3175 927 3240 adscriptus,
947 3176 1107 3226 intercidisse
1124 3174 1208 3234 videri,

232 3247 264 3295 ob
283 3259 389 3308 canique
405 3259 507 3295 consum
525 3245 665 3306 „imberbes
681 3242 861 3309 cinpularr‘tcr“
879 3245 951 3293 uncis
968 3244 1065 3294 incluse
1078 3244 1157 3294 tuisse
1169 3244 1209 3293 ad·

232 3315 323 3365 dendo.
352 3314 378 3363 ln
398 3314 429 3362 iis
447 3328 512 3375 quse
531 3329 563 3362 ex
586 3313 650 3362 libro
669 3313 834 3377 nonogesimo
859 3314 940 3376 primo
958 3322 1059 3362 servato
1077 3321 1135 3362 sunt
1153 3327 1208 3362 non-

232 3384 292 3433 dum
313 3391 380 3433 recte
402 3382 519 3447 suppleta
542 3381 642 3430 videtur
657 3381 747 3430 lacuna
764 3382 790 3430 in
808 3381 892 3430 verbis
909 3381 977 3430 mnes
995 3389 1021 3432 et
1039 3389 1207 3433 tu....o...urt

231 3454 298 3516 ipsi,
339 3468 397 3504 num
437 3464 519 3512 neque
539 3463 569 3499 ea
590 3463 655 3511 quse
673 3449 736 3498 alios
760 3455 860 3499 secutus
883 3450 965 3513 recepi
993 3456 1038 3513 „et
1056 3456 1103 3498 tum
1121 3449 1207 3513 confla·
