2642 4017
250 254 314 320 170
409 251 628 315 areanum.
651 249 733 312 aar.
748 257 849 313 raas.
869 248 1065 326 [numan]

248 409 317 470 silia
331 414 418 468 erant
431 405 590 478 destinata,
612 411 754 464 senatum
767 408 868 462 aaran
882 399 1024 477 praeberi
1037 399 1147 475 legatis
1161 401 1227 476 pla·

248 493 320 554 cuit.
343 490 452 550 eadem
467 491 546 561 lere,
568 501 649 562 qnae
669 486 700 547 in
716 484 870 559 colloquio
891 484 930 544 ab
944 498 1019 559 rege
1034 483 1114 545 dicta
1129 490 1231 556 erant,

247 578 344 637 relata
363 573 401 634 ab
422 571 540 647 legatis.
566 569 743 630 insidiarum
758 568 885 629 Eumeni
900 568 1047 628 iacmrum
1067 567 1182 627 crimen
1198 576 1232 628 et

247 659 380 720 maxima
399 672 473 717 cura
493 662 524 716 et
542 652 665 714 minime
679 661 778 714 tamen
799 651 1053 728 probabiliter-
1066 650 1231 711 manifesta

247 743 328 803 enim
346 756 398 802 ras
419 745 485 801 erat
501 768 545 780 —
565 737 742 797 defensumr
764 742 866 796 cetera
880 735 1057 810 deprecatio
1072 739 1145 795 erat.
1167 734 1230 794 sed

246 843 309 887 non
324 825 370 885 eis
384 821 494 883 animis
507 819 719 894 audiebantur,
735 820 787 895 qui
803 827 855 880 aut
869 817 973 879 doceri
988 825 1040 879 aut
1054 816 1136 878 flecti
1150 832 1229 893 pos-

247 917 325 971 sent.
357 903 582 978 denuntiatum,
614 904 768 978 extemplo
794 901 956 963 moenibus
981 900 1067 962 urbis
1098 901 1229 974 Romae,

203 1053 212 1070 ,
245 993 332 1053 ltalia
345 991 424 1051 intra
436 986 623 1049 tricesimum
638 985 719 1047 diem
733 986 929 1046 excederent
942 983 973 1043 P.
984 983 1101 1044 Licinio
1113 981 1228 1044 deinde

247 1073 376 1148 consuli,
393 1072 441 1132 cui
451 1070 633 1131 Macedonia
643 1069 802 1146 provincia
813 1069 988 1142 obvenerat,
1005 1066 1226 1141 denuntiatum,

246 1165 279 1217 ut
293 1155 441 1218 exercitui
455 1155 536 1215 diem
550 1155 678 1230 primam
693 1168 848 1229 quamque
861 1152 978 1212 diceret
988 1151 1028 1211 ad
1040 1150 1226 1212 convenien-

246 1240 329 1302 dum.
346 1240 377 1301 c.
389 1237 548 1301 Lucretius
560 1243 694 1313 praetor,
709 1237 758 1301 cui
770 1237 881 1299 classis
893 1234 1052 1311 provincia
1065 1240 1139 1309 erat,
1154 1250 1226 1295 cum

247 1322 450 1400 quadraginta
470 1321 740 1398 quinqueremibus
760 1321 799 1381 ab
814 1319 891 1381 urbe
904 1320 1078 1395 proiectusa
1099 1333 1169 1378 narn
1184 1332 1227 1377 ex

246 1408 370 1470 reiectis
390 1407 520 1468 navibus
541 1403 617 1466 alias
638 1404 669 1465 in
689 1405 780 1465 adum
800 1419 891 1464 usum
912 1401 1036 1465 retineri
1056 1403 1096 1463 ad
1117 1400 1226 1462 urbem

245 1491 368 1568 placuit.
385 1491 574 1568 praemissus
586 1505 605 1549 a
616 1495 759 1564 praetore
770 1494 819 1548 est
828 1488 921 1546 irater
930 1486 971 1546 Μ.
981 1483 1142 1546 Lucretius
1154 1501 1225 1546 cum

246 1575 467 1651 quinquereme
479 1589 550 1647 rura,
565 1572 733 1648 iussusque
745 1571 783 1631 ab
795 1570 890 1632 sociis
901 1585 941 1629 ex
952 1568 1078 1630 loedere
1088 1567 1226 1644 acceptis

245 1659 377 1719 navibus
403 1659 444 1719 ad
465 1656 691 1733 Cephalleniam
718 1652 812 1716 classi
837 1668 1009 1715 occurrere.
1036 1653 1075 1713 ab
1096 1651 1225 1727 Reginis

246 1740 360 1803 triremi
370 1759 441 1814 una,
453 1742 492 1801 ab
504 1740 611 1801 Locris
624 1740 759 1813 duabus,
775 1739 814 1798 ab
825 1738 960 1799 Uritibus
973 1744 1123 1825 quattuor,
1133 1754 1226 1813 prae·

245 1829 292 1882 ter
299 1837 382 1881 oram
388 1820 491 1883 ltaliae
501 1819 861 1898 supervectuscalabriaa
870 1829 1040 1882 extremum
1045 1829 1227 1896 promonto-

245 1901 325 1964 rium
335 1904 366 1964 in
374 1903 461 1965 Ionio
472 1903 557 1977 mari,
565 1905 789 1981 Dyrrhachium
797 1903 903 1965 traicit.
915 1904 957 1965 ibi
967 1905 1075 1965 decem
1086 1904 1224 1980 ipsorum

247 1987 535 2062 Dyrrhachinorum,
545 1985 709 2048 duodecim
715 1987 899 2061 Issaeorum,
908 1991 1130 2066 quinquaginta
1138 2001 1225 2065 quat·

245 2075 315 2130 tuor
336 2070 434 2132 Gentii
453 2072 537 2146 regis
558 2070 676 2132 lembos
697 2078 841 2144 nanctus,
868 2073 1016 2134 simulans
1039 2090 1075 2135 se
1096 2075 1224 2136 credere

181 2158 185 2163 ’
245 2168 300 2212 eos
321 2153 350 2213 in
366 2170 456 2215 usum
470 2156 676 2216 Romanorum
692 2163 887 2231 comparatos
906 2171 993 2231 esse,
1015 2158 1155 2220 omnibus
1170 2159 1224 2219 ab·

244 2234 345 2297 ductis
361 2238 411 2298 die
424 2237 512 2299 tertio
525 2238 699 2317 Corcyram,
715 2239 786 2299 inde
800 2239 939 2315 protinus
954 2240 983 2299 in
997 2240 1223 2316 Cephalleniam

244 2317 352 2381 traicit.
375 2321 406 2381 C.
426 2321 585 2383 Lucretius
606 2331 731 2397 praetor
750 2323 789 2382 ab
810 2322 938 2398 Neapoli
957 2325 1115 2399 proiectus
1130 2340 1224 2401 supe·

242 2409 309 2465 rato
324 2405 401 2465 irato
418 2404 468 2463 die
483 2405 588 2480 quinto
602 2405 632 2464 in
648 2405 873 2480 Cephalleniam
886 2408 1063 2469 transmisit.
1085 2408 1127 2469 ibi
1141 2408 1225 2469 stetit

241 2487 363 2561 classis,
379 2487 471 2547 simul
485 2487 651 2562 opperiens
666 2494 700 2548 nt
715 2496 875 2550 terrestres
892 2491 1002 2566 copiae
1013 2492 1223 2568 traicerentur,

242 2568 332 2628 simul
351 2574 385 2629 ut
405 2569 563 2628 onerariae
583 2584 622 2628 ex
643 2571 763 2645 agmine
785 2587 842 2632 suo
864 2589 921 2648 per
941 2575 1034 2635 altum
1055 2576 1224 2653 dissipatae

243 2659 516 2725 consequerentur.

324 2733 425 2794 XLIX.
450 2733 508 2795 Per
527 2735 586 2798 hos
601 2736 680 2797 rorte
695 2737 762 2797 dies
776 2737 809 2797 Ρ.
822 2739 955 2801 Licinius
972 2743 1081 2803 consul
1095 2743 1175 2803 votis
1189 2740 1221 2802 in

242 2815 391 2892 capitolio
417 2819 601 2896 nuncupatis
625 2820 790 2896 paludatus
816 2823 854 2884 ab
879 2824 956 2884 urbe
980 2827 1138 2900 proiectus
1163 2832 1219 2886 est.

242 2915 367 2976 semper
382 2903 506 2978 quidem
520 2919 559 2964 ea
571 2919 622 2964 res
638 2922 708 2966 cum
722 2922 834 2982 magna
849 2906 995 2982 dignitate
1010 2925 1048 2970 ae
1061 2908 1221 2969 maiestate

240 2984 370 3057 garitnra
398 2988 565 3065 praecipue
585 2990 734 3051 convertit
748 2993 857 3052 oculos
871 2991 1068 3069 animosque,
1096 2993 1220 3053 eumad

240 3082 383 3142 magnum
403 3072 599 3147 nobilemque
620 3080 673 3134 aut
686 3074 796 3136 virtute
809 3082 862 3136 aut
876 3075 998 3136 iortuna
1012 3076 1131 3137 hostem
1146 3093 1219 3137 eun-

241 3156 301 3210 tem
322 3157 481 3214 consulem
503 3162 741 3231 prosequuntur.
770 3159 921 3220 conuahit
941 3161 1021 3220 enim
1041 3176 1103 3221 non
1125 3159 1219 3221 olficii

240 3234 333 3295 modo
350 3251 424 3297 cura
437 3239 494 3298 sed
508 3237 599 3300 etiam
614 3241 748 3301 studium
763 3241 945 3317 spectaculi,
972 3251 1006 3304 nt
1025 3236 1149 3304 videant
1164 3245 1217 3305 du-

240 3333 307 3378 cem
321 3337 420 3396 suum,
436 3320 525 3383 cuins
538 3321 666 3398 imperio
683 3324 873 3401 consilioque
885 3343 1031 3388 summam
1043 3343 1108 3387 rem
1120 3328 1219 3403 publi·

240 3405 461 3465 camtuendam
471 3404 683 3481 permiserunt.
706 3407 788 3470 subit
798 3408 910 3470 deinde
921 3410 1062 3486 cogitatio
1075 3412 1219 3487 animum,

240 3485 292 3559 qui
306 3487 378 3549 belli
392 3504 499 3563 casus,
521 3504 613 3564 quam
634 3489 767 3552 incertus
783 3492 924 3554 fortunae
938 3501 1065 3555 aventus
1082 3510 1218 3555 commu·
