2642 4017
318 289 508 350 LlBliRllL.
531 288 615 349 cap.
629 297 730 352 asmo.
753 291 911 367 [acuar]
1063 287 1103 353 ts

116 459 209 521 quarn
223 448 363 518 tempore
377 440 501 503 aiebant
515 457 596 517 opus
610 456 693 516 esse,
710 449 744 503 ut
757 443 862 517 generi
876 442 991 519 agresti
1005 444 1102 507 homi·

113 543 189 589 num
204 526 454 603 persuaderetur.
475 526 515 585 ad
528 524 590 586 hoc
604 526 724 599 [decem
739 525 868 600 dierum]
883 526 1018 588 indutiae
1032 545 1103 591 cum

114 612 276 683 darentur,
301 608 455 685 petierunt
478 609 606 683 deinde,
631 624 672 669 ne
691 615 777 670 trans
796 616 917 671 montes
942 613 1102 688 proximos

113 694 226 757 castris
240 693 418 769 pabulatum
432 692 642 769 lignatumque
654 692 765 754 milites
776 692 870 754 beuta
892 695 973 757 culta
983 710 1022 757 ea
1032 696 1102 758 loca

112 794 243 840 suorum
263 776 370 837 finium
388 791 469 838 esse.
498 777 531 837 id
544 776 597 838 ubi
611 775 831 853 impetravere,
852 786 926 855 post
942 794 999 840 eos
1013 780 1102 856 ipsos

112 867 251 936 montes,
271 861 355 923 unde
375 866 547 922 averterant
566 859 703 936 hostem,
723 861 861 924 exercitu
877 863 960 924 omni
982 871 1101 941 coacto,

111 952 241 1023 repente
254 942 447 1006 multitudine
460 944 575 1022 ingenti
586 949 689 1005 castra
698 945 906 1008 Romanorum
919 963 1102 1025 oppugnare

113 1030 204 1092 simul
220 1029 363 1090 omnibus
378 1028 475 1104 portis
486 1028 628 1105 adgressi
639 1036 720 1090 sunt
741 1046 860 1090 summa
871 1030 902 1091 vi
912 1037 1008 1093 totum
1019 1030 1100 1093 diem

114 1120 347 1190 oppugnarunt,
369 1114 411 1174 ita
428 1119 462 1174 ut
480 1128 520 1172 ne
540 1110 690 1173 efferendi
712 1111 836 1189 quidem
851 1113 939 1190 signa
953 1116 1101 1177 Romanis

113 1197 248 1275 spatium
268 1212 326 1257 neo
347 1197 388 1257 ad
408 1197 623 1273 explicandam
636 1197 734 1257 aciem
746 1199 835 1258 locus
850 1205 944 1259 esset
972 1195 1101 1261 conserti

112 1283 145 1343 in
160 1282 259 1358 portis
274 1281 426 1342 obstando
440 1281 539 1357 magis
555 1296 646 1355 quam
660 1282 828 1357 pugnando
845 1288 947 1344 castra
959 1283 1100 1345 tutaban-

111 1374 172 1428 tur.
188 1366 247 1427 sub
259 1379 405 1426 occasum
415 1365 492 1426 solis
504 1379 574 1425 oum
584 1365 790 1426 recessissent
800 1364 1100 1440 horteaduosequi

111 1458 161 1512 tes
176 1449 217 1510 ad
232 1449 285 1509 cn.
306 1448 455 1509 Baebium
468 1448 687 1524 proconsulem
701 1464 771 1509 cum
784 1448 891 1510 litteris
902 1448 989 1510 Pism
1003 1448 1100 1524 mittit,

112 1542 148 1595 ut
163 1534 296 1594 obsesso
318 1547 374 1608 per
392 1533 525 1594 indutias
546 1530 605 1593 sibi
628 1529 870 1608 quamprimum
891 1532 1099 1593 subsidione

112 1617 202 1678 niret.
223 1616 358 1677 Baebius
372 1617 540 1678 exercitum
550 1616 591 1677 Μ.
603 1616 724 1677 Pinario
739 1614 874 1691 praetori
889 1615 972 1677 eunti
983 1616 1013 1676 in
1027 1615 1099 1677 Sar·

112 1701 229 1762 diniam
247 1699 427 1762 tradiderat:
457 1707 591 1762 ceterum
612 1706 644 1761 et
662 1705 803 1760 senatum
817 1699 924 1761 litteris
939 1700 1098 1762 certiorem

112 1787 187 1847 iacit
201 1782 339 1848 obsideri
353 1784 543 1861 aLiguribus
557 1785 590 1845 L.
602 1783 775 1859 Aemilium,
790 1789 821 1845 et
830 1784 871 1844 lt
883 1784 1009 1847 Claudio
1017 1784 1098 1845 Mar·

112 1871 209 1943 cello,
231 1869 318 1929 cuius
338 1868 480 1943 proxima
501 1869 573 1928 inde
587 1867 841 1944 provincis-crat,
863 1866 988 1946 scripsit
1001 1876 1049 1941 ut,
1071 1865 1099 1929 si

111 1954 269 2014 videretur
290 1953 333 2028 ei,
354 1951 522 2014 exercitum
538 1968 556 2013 e
572 1949 669 2014 Gallia
689 1950 865 2013 traduceret
879 1951 909 2011 in
923 1950 1052 2027 Ligures
1069 1956 1100 2012 et

112 2039 146 2098 L.
161 2037 326 2099 Aemilium
339 2037 483 2098 liberaret
496 2037 669 2098 obsidione.
698 2035 776 2097 haec
790 2052 862 2097 sera
875 2035 976 2097 lutura
986 2033 1099 2094 auxilia

112 2130 210 2184 erant
239 2121 367 2196 Ligures
389 2121 429 2182 ad
450 2129 553 2182 eastra
565 2126 693 2197 postero
708 2118 760 2180 die
773 2120 912 2181 redeunt.
948 2117 1098 2179 Aemilius

113 2220 185 2266 curn
195 2212 226 2266 et
235 2210 382 2266 venturos
395 2204 508 2267 scisset
517 2211 549 2267 et
559 2205 693 2267 educere
703 2205 733 2263 in
746 2202 842 2264 aciem
854 2201 1014 2280 potuisset,
1021 2202 1099 2263 intra

115 2291 226 2351 vallum
247 2305 323 2350 suos
340 2290 450 2363 tenuit,
471 2295 505 2349 ut
518 2288 693 2350 extraheret
707 2303 771 2347 rem
786 2288 815 2348 in
831 2287 863 2347 id
875 2294 1013 2364 tempus,
1035 2302 1098 2362 quo

111 2371 247 2436 Baebius
268 2389 338 2435 oum
358 2374 495 2434 exercitu
508 2374 615 2433 venire
627 2390 647 2434 a
659 2372 740 2433 Pisis
761 2378 880 2447 posset.
907 2370 1014 2432 XXVI.
1037 2370 1097 2431 Ro-

111 2473 181 2519 mae
202 2473 343 2533 magnam
362 2457 597 2533 trepidationem
617 2458 735 2518 litterae
756 2455 863 2517 Baebii
884 2457 1037 2528 iecerunt,
1059 2468 1097 2515 eo

112 2539 261 2602 maiorem
283 2541 368 2618 quod
381 2556 501 2618 paucos
517 2548 588 2617 post
602 2540 669 2602 dies
682 2540 862 2614 Marcellus,
883 2537 995 2600 tradito
1010 2550 1096 2599 exer-

112 2626 175 2686 citu
188 2625 283 2687 Fabio
297 2625 426 2687 Romam
442 2640 509 2686 cum
525 2625 670 2699 venisset,
684 2640 773 2701 spem
786 2623 901 2685 ademit
914 2638 984 2684 eum
1000 2621 1053 2698 qui
1067 2621 1098 2683 in

111 2707 212 2770 Gallia
226 2716 311 2771 esset
323 2710 490 2771 exercitum
504 2711 535 2770 in
549 2711 677 2786 Ligures
692 2723 789 2785 posse
804 2707 930 2783 traduci,
946 2706 1020 2783 quia
1033 2706 1098 2768 bel-

110 2793 175 2853 lum
194 2808 263 2854 cum
277 2791 389 2855 Histris
404 2800 489 2855 esset
509 2794 741 2870 prohibentibus
757 2792 911 2854 coloniam
924 2790 1099 2866 Aquileiam

111 2876 242 2938 deduci:
267 2893 305 2939 eo
326 2879 497 2954 profectum
508 2878 651 2952 Fabium,
672 2891 775 2953 neque
794 2875 867 2937 inde
880 2874 1001 2950 regredi
1015 2873 1098 2936 bello

109 2961 256 3023 inchoato
282 2978 388 3037 posse.
420 2978 497 3036 nna,
525 2968 556 3022 et
576 2976 614 3022 aa
633 2961 703 3036 ipsa
727 2959 843 3022 tardior
865 2974 957 3035 quarn
975 2964 1098 3033 tempus

110 3044 299 3121 postulabat,
315 3045 446 3107 subsidii
460 3060 535 3119 spes
551 3052 630 3120 erut,
645 3044 673 3105 si
688 3043 835 3106 consules
849 3047 1054 3104 maturassent
1067 3041 1098 3102 in

109 3128 304 3205 provinciam
317 3130 371 3190 ire.
393 3128 426 3189 id
440 3136 474 3191 ut
487 3130 630 3203 iacerent,
646 3144 703 3206 pro
718 3144 754 3189 se
769 3127 901 3204 quisque
912 3132 1031 3204 patrum
1044 3141 1098 3187 νο·

110 3212 244 3273 ciferari.
265 3214 410 3275 consules
425 3210 485 3274 nisi
500 3213 640 3275 coniecto
654 3211 768 3275 dilectu
782 3226 896 3288 negare
907 3227 980 3273 sese
990 3211 1097 3285 ituros,

110 3312 171 3357 nec
192 3312 280 3358 suam
300 3295 460 3373 segnitiem
480 3298 537 3358 sed
557 3297 617 3357 vim
639 3297 739 3358 morbi
758 3297 788 3357 in
811 3311 1010 3369 caussasse,
1033 3308 1096 3369 quo

110 3380 213 3441 serius
235 3381 442 3455 perficeretur.
473 3396 536 3442 non
555 3389 656 3442 tamen
678 3387 841 3459 potuerunt
855 3379 1009 3441 sustinere
1023 3391 1096 3436 con-

109 3478 239 3525 sensum
259 3472 400 3539 senatus,
424 3465 496 3541 quin
511 3466 648 3541 paludati
662 3465 795 3540 exirent,
811 3470 842 3526 et
855 3462 999 3523 militibus
1014 3474 1096 3534 quos

110 3547 310 3623 conscriptos
324 3548 472 3610 haberent
486 3548 568 3611 diem
582 3548 753 3622 edicerent,
772 3563 834 3625 quo
848 3546 936 3607 Pisas
950 3543 1096 3605 conveni·
