2642 4017
301 310 417 372 LIBER
431 311 519 371 xlii.
539 313 622 372 CAP.
638 324 681 375 11.
694 323 737 376 rr.
759 321 795 390 [a.
811 322 845 376 c.
859 323 922 391 172]
1038 316 1101 380 1³9

112 476 260 541 pressum
276 461 340 523 iato
354 477 483 537 regnum
503 462 533 522 ei
552 462 732 539 reliquisse,
759 480 849 541 quem
870 465 1101 528 infestissimum

115 561 189 608 esse
214 545 365 607 sensisset
384 546 541 607 Romanis.
577 545 682 623 itaque
700 547 815 608 Persea
839 548 1055 612 hereditarium
1084 567 1103 611 a

114 636 204 707 patre
213 629 349 691 relictum
361 628 484 706 bellum,
498 635 530 690 et
539 629 629 691 sitnm
640 646 709 691 cum
720 631 849 707 imperio
860 634 1014 708 traditum,
1029 634 1101 694 lam·

113 714 174 774 iam
199 713 330 789 primum
356 712 439 773 alere
458 728 496 774 ac
516 714 623 774 lovere
644 715 786 775 omnibus
807 716 955 779 consiliis.
989 716 1103 779 llorere

115 803 276 873 praeterea
289 797 454 870 iuventute,
470 812 562 872 quam
573 798 701 873 stirpem
712 799 805 874 longa
815 815 879 876 pax
887 801 1028 876 ediderit,
1045 801 1101 862 llo

27 954 35 969 ·
113 895 183 941 rere
195 881 307 956 opibus
317 881 414 956 regni,
430 880 543 942 llorere
553 882 645 942 etium
656 889 765 943 aetate.
788 898 949 959 quaecum
961 886 1101 961 corporis

114 965 229 1026 robore
248 979 286 1024 ac
306 964 423 1025 viribus
443 964 562 1040 vigeat,
583 965 717 1026 animum
733 982 805 1028 csse
819 968 1020 1030 inveteratum
1035 969 1101 1030 diu·

114 1049 180 1110 tina
199 1055 265 1109 arte
285 1055 378 1124 atquc
391 1063 451 1109 usu
465 1048 547 1109 belli.
575 1049 636 1109 iam
650 1049 723 1110 inde
738 1067 756 1111 a
770 1065 868 1126 puero
884 1051 979 1128 patris
993 1060 1101 1114 contu·

115 1131 223 1192 bornio
237 1132 384 1193 Romanis
408 1146 534 1208 quoque
552 1132 657 1208 bellis,
678 1148 741 1194 non
762 1134 898 1196 finitimis
914 1142 1032 1197 tantum
1047 1137 1100 1197 ad·

115 1223 245 1287 suetum,
262 1216 390 1276 missum
404 1231 422 1276 a
436 1222 524 1291 patre
534 1217 565 1276 in
577 1216 792 1292 expeditiones
803 1220 914 1280 multas
923 1220 1099 1297 variasque.

114 1301 175 1359 iam
189 1314 229 1360 ex
248 1316 309 1375 quo
324 1300 394 1375 ipse
407 1297 581 1375 accepisset
593 1314 738 1376 regnum,
759 1302 867 1377 multa,
889 1318 971 1378 quae
984 1318 1046 1363 non
1061 1303 1101 1377 vl,

114 1400 176 1444 non
199 1382 271 1444 dolo
286 1383 445 1460 Philippus
461 1383 564 1444 omnia
580 1392 729 1460 expertus
744 1385 898 1462 potuisset
911 1386 1026 1461 moliri,
1046 1386 1101 1446 ad·

114 1467 253 1528 mirando
277 1483 380 1527 rernm
401 1482 552 1529 successu
575 1468 723 1529 tenuisse.
755 1468 932 1530 accessisse
958 1470 998 1530 ad
1017 1471 1100 1530 vires

114 1567 192 1626 eam,
208 1566 287 1627 quae
302 1552 394 1627 longo
411 1558 550 1627 ternpore
563 1551 666 1612 multis
682 1553 866 1627 magnisque
880 1550 996 1614 meritis
1012 1568 1100 1628 pare

113 1642 205 1708 retur,
224 1636 442 1697 auctoritatem.
465 1636 529 1696 ΧΠ.
552 1651 623 1696 nam
637 1636 723 1710 apud
740 1633 887 1696 Graeciae
902 1643 995 1712 atque
1005 1637 1101 1698 Asiae

114 1718 252 1780 ciuitates
272 1717 373 1779 vereri
392 1718 582 1780 maiestatem
602 1717 671 1780 eius
693 1734 810 1780 omnes.
844 1733 902 1780 ncc
916 1736 973 1796 pro
989 1720 1101 1797 quibus

112 1802 237 1876 meritis,
255 1820 311 1879 pro
325 1818 387 1879 qua
400 1802 608 1864 munificentie
620 1809 735 1863 tantum
750 1802 779 1863 ei
793 1803 948 1878 tribuatur,
964 1819 1100 1876 cernere,

114 1885 296 1948 uenditare
316 1904 373 1964 pro
395 1893 478 1947 certo
500 1902 612 1963 posse,
637 1893 738 1948 utrum
758 1887 900 1948 felicitate
919 1888 952 1948 id
966 1889 1100 1964 quadam

115 1971 184 2031 eius
205 1971 338 2045 accidat,
360 1987 416 2044 an,
436 1971 521 2047 quod
535 1969 605 2047 ipse
620 1976 763 2031 vereatur
777 1968 895 2045 dicere,
917 1970 1032 2032 invidia
1046 1971 1100 2030 ad·

113 2070 225 2115 versus
239 2056 396 2116 Romanos
410 2055 548 2116 favorem
559 2053 601 2115 illi
613 2053 764 2116 conciliet.
783 2053 862 2113 inter
872 2054 960 2130 ipsos
973 2069 1100 2129 quoque

113 2152 205 2212 reges
220 2139 373 2214 ingentem
388 2137 567 2199 auctoritate
577 2137 699 2199 Seleuci
711 2137 804 2198 liliam
816 2136 946 2199 duxisse
956 2152 1026 2198 eum
1037 2153 1100 2198 uon

114 2227 268 2299 petentem
283 2222 340 2283 sed
355 2224 481 2298 petitum
491 2223 580 2296 ultro,
597 2237 737 2284 sororem
752 2220 879 2282 dedisse
889 2218 1015 2281 Prusiae
1030 2235 1100 2296 pre·

114 2305 196 2366 canti
216 2305 372 2378 adoranti3
396 2307 566 2367 celebratas
583 2321 655 2367 esse
669 2312 818 2381 utrasque
831 2304 955 2379 nuptias
969 2305 1101 2379 gratula·

112 2388 198 2450 tione
212 2389 302 2453 donis
323 2389 586 2451 innumerabilium
600 2390 802 2466 legationum,
824 2395 856 2448 et
868 2388 952 2449 velut
966 2386 1101 2463 auspici·

111 2473 173 2534 bus
194 2473 393 2536 nobilissimis
414 2472 539 2549 populis
554 2474 703 2535 deductas
717 2487 800 2534 esse.
826 2472 1013 2534 Boeotorum
1028 2486 1101 2547 gen·

114 2564 185 2630 tem,
194 2564 345 2634 captatam
351 2557 503 2633 Philippo,
516 2573 681 2634 numquam
692 2557 733 2618 ad
744 2555 941 2618 scribendum
952 2553 1102 2616 amicitiae

114 2642 226 2702 loedus
253 2641 365 2702 adduci
390 2642 545 2718 potuisse:
575 2641 674 2702 tribus
699 2656 781 2702 nunc
800 2640 878 2701 locis
898 2656 968 2701 cum
987 2638 1102 2701 Perseo

113 2725 226 2786 loedus
240 2726 370 2786 incisum
385 2725 491 2787 litteris
506 2740 588 2799 csse,
602 2742 665 2786 uno
679 2724 802 2799 Thebis,
818 2725 913 2786 altero
929 2724 970 2785 ad
983 2725 1101 2797 Dolum,

113 2809 334 2882 augustissimo
349 2817 380 2870 et
393 2808 591 2870 celeberrimo
607 2808 783 2883 intemplo,
802 2807 893 2868 tertio
907 2804 1045 2883 Delphis.
1067 2804 1100 2867 in

112 2891 251 2954 Achaico
274 2893 404 2955 concilio
425 2908 500 2953 vero
526 2892 587 2952 nisi
607 2890 820 2952 discussuras
834 2905 892 2966 per
907 2904 1027 2966 paucos
1040 2892 1101 2952 Ro

113 2990 238 3036 manum
258 2977 420 3053 imperium
439 2976 623 3037 intentantes
639 2981 738 3049 esset,
759 2990 796 3036 eo
810 2990 877 3034 rem
891 2989 991 3051 prope
1004 2975 1096 3036 addu

113 3068 204 3134 ctam,
219 3068 253 3122 ut
267 3060 368 3122 aditus
382 3068 414 3120 ct
426 3061 456 3119 in
468 3059 615 3119 Achaiam
630 3058 763 3119 daretur.
780 3065 811 3120 at
823 3056 948 3118 hercule
959 3074 1035 3119 suos
1046 3058 1100 3118 ho-

112 3158 222 3219 noras,
245 3144 333 3205 cuius
353 3145 459 3204 merita
481 3144 512 3203 in
534 3158 602 3204 eam
623 3148 744 3218 gentem
765 3141 905 3219 privatim
926 3158 964 3202 an
979 3141 1103 3219 publice

114 3227 176 3287 sint
189 3226 307 3288 maiora
323 3228 376 3288 vix
391 3227 451 3288 dici
466 3235 589 3303 posset,
604 3226 715 3303 partim
728 3227 871 3288 desertos
886 3225 944 3303 per
955 3226 1103 3287 incultum

113 3322 150 3370 ac
166 3310 399 3387 neglegentiam,
418 3309 528 3386 partim
543 3310 693 3374 hostiliter
705 3310 846 3372 sublatos
862 3325 944 3371 csse.
967 3308 1027 3370 iam
1041 3310 1089 3368 Ae

112 3394 195 3456 tolns
211 3411 303 3471 quem
316 3393 460 3471 ignorare
473 3395 505 3455 in
520 3392 724 3458 seditionibus
739 3392 806 3455 suis
820 3409 883 3455 non
894 3393 934 3453 ab
944 3392 1102 3464 Romanis,

113 3478 172 3538 sed
186 3494 205 3539 a
218 3478 332 3541 Perseo
354 3478 542 3554 praesidium
563 3478 702 3554 petisset
727 3476 776 3538 his
796 3492 865 3537 enm
880 3476 986 3535 lhltum
1003 3473 1098 3532 socio·

112 3560 225 3623 tatibus
241 3569 333 3639 atque
348 3562 487 3624 amicitiis
503 3577 559 3623 eos
573 3561 763 3623 domesticos
778 3563 945 3634 apparatus
959 3555 1031 3616 belli
1048 3554 1101 3615 ha-
