2642 4017
226 261 288 327 172
394 264 510 324 LIBER
519 264 608 325 XLII.
631 264 714 324 CAP.
730 272 773 326 50·
784 272 829 326 51.
841 264 878 342 [a.
889 268 926 325 U.
937 269 1037 338 aaut]

226 426 254 478 et
269 419 367 495 quod,
393 418 492 479 sicubi
512 420 627 494 populo
647 419 786 479 Romano
802 433 860 477 sua
874 417 996 477 lortuna
1009 417 1103 492 labet,
1131 420 1212 481 anti

225 519 305 579 quos
329 504 449 564 animos
473 501 600 578 regibus
624 502 691 563 suis
712 499 853 562 videatm
872 515 970 576 posse
991 497 1116 560 iacere.‘
1133 502 1216 565 dum

223 588 361 662 integrae
373 604 424 648 res
435 590 511 661 sint,
529 593 660 646 stmoere
674 584 758 660 apud
771 584 903 645 animum
919 600 1010 645 suum
1023 583 1139 644 Persea
1151 586 1212 648 de·

222 671 313 744 bere,
334 677 435 732 utrum
456 669 577 744 singula
598 668 799 729 concedendo
819 668 953 730 nudatus
974 668 1014 729 ad
1034 675 1211 732 extremum

223 755 336 831 opibus
359 753 555 827 extorrisque
574 767 670 827 regno
692 751 932 813 Samothraciam
954 750 1083 812 aliamve
1110 769 1209 829 quam

221 840 353 899 insulam
366 843 473 913 petere
488 835 526 895 ab
540 835 697 911 Romanis,
711 836 764 896 ubi
780 835 915 912 privatus
931 842 1091 911 superstes
1105 853 1209 912 regno

222 939 280 983 suo
294 923 325 981 in
341 927 518 996 contemptu
532 927 625 995 atque
639 919 746 994 inopia
760 926 972 994 consenescat,
993 919 1085 995 malit,
1100 936 1139 980 an
1154 937 1207 980 ar-

220 1012 320 1066 matus
334 1004 449 1065 vindex
464 1005 604 1064 fortunae
618 1004 834 1079 dignitatisque
849 1019 935 1078 suec,
950 1010 1003 1065 aut
1012 1009 1046 1064 ut
1056 1005 1122 1066 viro
1132 1004 1208 1065 lorti

221 1089 347 1163 dignum
363 1088 416 1159 sit,
439 1086 572 1164 patiatur
587 1088 804 1162 quodcumque
818 1103 910 1149 casus
925 1088 997 1148 belli
1013 1088 1128 1163 tulerit,
1150 1095 1208 1150 aut

220 1172 319 1232 victor
338 1172 446 1233 liberet
465 1172 571 1232 orbem
589 1179 740 1231 terrarum
761 1172 799 1232 ab
820 1171 948 1248 imperio
969 1172 1117 1233 Romano.
1139 1188 1206 1236 non

220 1271 293 1316 esse
314 1255 523 1316 admirabilius
536 1256 694 1316 Romanos
710 1254 838 1316 Graecia
852 1256 924 1331 pelli
939 1271 1032 1331 quam
1045 1255 1202 1316 Hanniba·

220 1342 279 1400 lem
299 1337 386 1400 ltalia
406 1340 530 1415 pulsum
551 1354 633 1399 esse.
660 1355 764 1413 neque
783 1338 909 1400 hercule
922 1339 1038 1415 videre,
1059 1340 1112 1416 qui
1127 1356 1202 1400 con-

220 1425 321 1485 veniat
334 1421 434 1496 fratri,
455 1422 620 1484 adfectanti
641 1436 698 1498 per
717 1422 857 1483 iniuriam
869 1438 1014 1507 regnum,
1036 1440 1157 1484 summa
1169 1425 1204 1485 vi

218 1507 378 1578 restitisse,
401 1505 580 1583 alienigenis
594 1505 675 1567 hene
690 1512 777 1581 parto
792 1522 830 1568 eo
845 1506 966 1567 cedere.
987 1515 1144 1583 postremo
1159 1508 1205 1569 ita

219 1590 299 1651 bello
314 1597 345 1652 et
359 1605 437 1665 pace
452 1591 567 1666 quaeri,
582 1596 616 1650 ut
629 1590 708 1650 inter
719 1605 826 1651 omnes
839 1590 1003 1652 conveniat
1013 1607 1070 1651 nec
1080 1591 1202 1667 turpius

220 1675 385 1749 quicquam
400 1689 471 1734 esse
488 1690 579 1749 quam
597 1673 665 1734 sine
680 1672 844 1734 certamine
858 1672 996 1737 cessisse
1008 1689 1119 1750 regno,
1141 1692 1203 1736 nec

219 1755 410 1832 praeclarius
431 1756 597 1832 quicquam
618 1772 710 1833 quam
736 1773 794 1832 pro
820 1755 965 1832 dignitate
985 1773 1022 1817 ac
1041 1758 1202 1825 maiestate

219 1854 341 1900 omnem
356 1840 508 1902 lomunam
523 1847 684 1917 expertum
698 1856 781 1901 esse.

302 1923 349 1982 th
365 1923 475 1999 Pellae,
487 1924 517 1984 in
528 1933 634 1986 vetere
643 1925 730 1999 regia
738 1924 952 1997 Macedonum,
967 1923 1028 1983 hoc
1039 1925 1212 1991 consilium.

106 2062 111 2068 .
218 2012 291 2066 erat.
314 2023 478 2084 „geramus
490 2013 586 2085 ergo“
600 2007 707 2083 inquit,
721 2008 800 2084 „diis
811 2007 892 2069 bene
902 2008 1086 2083 iuvantibus,
1102 2026 1200 2084 quan·

218 2089 259 2149 do
280 2092 322 2152 ita
342 2093 477 2166 videtur,
498 2094 649 2162 bellum“;
671 2091 844 2168 litterisque
865 2090 948 2152 circa
961 2093 1137 2167 praetactos
1153 2094 1199 2154 di·

217 2171 322 2237 missis
335 2176 440 2238 Citium
451 2211 487 2221 -
496 2177 697 2238 Macedoniae
708 2177 858 2253 oppidum
868 2176 1078 2251 est—copias
1090 2192 1199 2239 omnes

218 2259 377 2322 contrahit
397 2261 467 2337 ipse
484 2266 608 2322 'centum
623 2258 737 2322 *hostiis
757 2260 910 2321 sacrificio
931 2260 1074 2335 regaliter
1086 2260 1200 2322 Miner·

217 2358 289 2418 vae,
314 2361 406 2421 quam
420 2351 534 2405 vocant
547 2344 746 2419 Alcidemon,
768 2346 849 2406 lacto
871 2359 941 2405 cum
961 2350 1201 2421 purpuratorum

142 2464 145 2471 -
217 2432 247 2486 et
268 2429 430 2489 satellitum
451 2443 543 2488 manu
563 2429 722 2502 proiectus
742 2428 849 2488 Citium
871 2435 927 2488 est.
955 2444 994 2489 eo
1015 2429 1075 2488 iam
1089 2444 1198 2490 omnes

216 2509 420 2572 Macedonum
440 2515 700 2584 externorumque
722 2511 904 2572 auxiliorum
925 2520 1132 2573 convenerant
1145 2528 1198 2573 oo-

215 2592 296 2667 pioe.
309 2599 412 2652 castra
420 2598 491 2652 ante
501 2592 609 2653 urbem
620 2593 715 2668 ponit,
729 2594 1078 2671 omnesquearmatosin
1087 2612 1196 2672 campo

216 2675 335 2750 struxit,
363 2690 483 2735 summa
507 2675 640 2737 omnium
668 2678 870 2753 quadraginta
893 2679 952 2740 tria
974 2681 1057 2740 milia
1081 2686 1197 2741 armata

216 2758 318 2832 luere,
345 2774 474 2834 quorum
500 2776 574 2837 pars
599 2762 696 2823 terme
720 2761 846 2823 dimidia
869 2762 1065 2839 phalangitae
1094 2772 1193 2826 erant=

215 2841 345 2917 Hippias
359 2844 537 2907 Beroeaeus
552 2852 703 2920 praeerat.
732 2847 851 2907 delecta
866 2847 978 2907 deinde
992 2855 1024 2908 et
1036 2847 1151 2907 viribus
1167 2856 1197 2909 et

113 2950 120 2962 ’
215 2925 329 2987 robore
352 2929 460 2991 aetatis
485 2946 525 2990 ex
550 2929 633 2992 omni
658 2936 860 2993 caetratorum
882 2946 1009 2994 numero
1032 2932 1093 2991 duo
1115 2931 1196 2990 milia

215 3016 317 3071 erant=
346 3028 455 3088 agema
474 3014 555 3076 hanc
575 3014 637 3091 ipsi
656 3016 809 3091 legionem
822 3014 993 3085 vocabant;
1021 3015 1194 3091 praetactos

214 3092 348 3156 habebat
360 3098 550 3159 Leonnatum
565 3105 595 3159 et
607 3099 811 3175 Thrasippum
825 3099 1003 3178 uulyestas.
1025 3106 1196 3159 ceterorum

214 3183 427 3253 caetratomm‚
443 3181 534 3243 trium
548 3185 644 3243 terme
657 3182 772 3244 milium
786 3182 953 3257 hominum,
976 3184 1040 3244 dux
1054 3187 1119 3243 erat
1132 3182 1182 3242 An

215 3261 339 3337 tiphilus
359 3264 546 3326 Edessaeus.
575 3266 716 3328 Paeones
743 3274 773 3327 et
793 3282 833 3326 ex
852 3266 984 3328 Parorca
1005 3273 1036 3327 et
1054 3265 1193 3345 Parstry-

213 3346 316 3408 monia
334 3378 379 3396 ·-
398 3354 470 3409 sunt
493 3355 594 3409 autem
619 3365 657 3409 ea
681 3351 751 3411 loca
774 3350 913 3411 subiecta
934 3351 1146 3410 Thraciae-
1165 3357 1196 3411 et

214 3427 375 3508 Agrianes,
390 3431 533 3492 admixtis
547 3433 638 3492 etiam
651 3433 820 3495 Thracibus
835 3431 954 3506 incolis,
976 3434 1066 3494 trium
1080 3432 1193 3494 milium

214 3512 308 3575 terme
323 3525 353 3578 et
367 3516 428 3592 ipsi
442 3517 643 3592 expleverunt
656 3532 824 3577 numerum.
845 3524 1017 3578 armaverat
1032 3522 1190 3578 contraxe-

1308 1564 1317 2003 l
