2642 4017
290 244 407 307 LIBER
419 244 507 304 XLII.
528 245 609 305 CAP.
622 253 666 306 33.
678 253 722 307 34.
745 252 782 320 [a.
794 252 826 306 C.
839 254 900 322 171]
1018 248 1079 315 157

97 405 151 462 est
165 396 285 474 deinde,
301 412 340 457 ne
355 412 437 458 novo
451 397 543 471 bello,
564 403 625 457 tam
640 396 816 473 propinquo
830 399 948 472 ltaliae,
969 402 1078 464 adver·

55 538 63 549 ,
98 499 158 544 sus
177 497 282 558 regem
295 479 555 556 potentissimum,
578 487 631 541 aut
643 479 781 542 tribunos
795 481 922 543 militum
936 484 1079 548 dilectum

96 565 249 627 habentes
259 563 451 639 impedirent,
461 570 515 626 aut
524 563 722 638 prohiberent
734 565 901 641 consulem,
912 581 1003 641 quem
1015 569 1078 629 cui·

99 664 163 724 que
175 648 314 709 ordinem
327 646 483 721 adsignari
497 661 514 705 c
527 661 562 706 re
576 647 699 721 publica
712 655 805 720 esset,
820 664 890 708 eum
904 649 1076 726 adsignare.

98 733 128 793 si
150 730 224 806 quid
244 730 276 790 in
297 745 335 789 aa
352 746 388 789 re
412 728 538 790 dubium
563 736 661 805 esset,
687 730 727 791 ad
752 739 893 792 senatum
917 733 1076 797 reicerent

96 814 234 874 XXXIV.
256 819 422 889 postquam
437 812 544 873 consul
560 828 640 888 quae
652 814 792 874 voluerat
805 813 896 886 dixit,
917 814 972 890 Sp.
987 817 1077 892 Ligu-

98 898 200 959 stinus
219 912 259 956 ex
280 912 318 957 eo
339 911 474 969 numero,
500 895 553 971 qui
567 896 706 957 tribunos
720 896 820 971 plebis
834 899 1076 975 appellaverant,

98 981 261 1043 aconsule
273 987 305 1040 et
318 979 356 1040 ab
371 978 499 1040 tribunis
515 977 610 1053 petiit,
629 988 664 1040 ut
678 979 737 1040 sibi
752 981 859 1054 paucis
873 980 913 1041 ad
928 984 1077 1057 populum

97 1080 193 1140 agere
212 1063 325 1123 ficeret
347 1061 502 1138 permissu
520 1061 653 1123 omnium
673 1064 715 1123 ita
734 1065 855 1124 locutus
875 1065 979 1125 lertur.
999 1066 1075 1143 „Sp

96 1147 274 1222 Ligustinus
294 1146 392 1207 tribus
412 1145 621 1206 Crustuminae
641 1161 681 1206 ex
696 1144 819 1208 Sabinis
833 1163 902 1208 sum
917 1149 1075 1227 oriundus,

98 1230 239 1305 Quirites.
262 1236 350 1305 pater
368 1228 441 1290 mihi
461 1229 600 1303 iugerum
620 1229 686 1305 agri
705 1230 827 1306 reliquit
840 1237 871 1291 et
885 1248 1013 1306 parvum
1028 1241 1074 1296 tu-

97 1314 233 1389 gurium,
257 1313 288 1373 in
315 1329 378 1389 quo
405 1319 495 1372 natus
516 1312 729 1388 educatusque
747 1329 831 1383 sum;
858 1313 1013 1390 hodieque
1032 1315 1075 1377 ibi

97 1396 212 1458 habito.
234 1412 304 1456 eum
324 1395 454 1471 primum
469 1395 500 1454 in
515 1402 644 1456 aemtem
657 1397 737 1471 veni,
760 1402 848 1472 pater
860 1396 932 1456 mihi
945 1413 1075 1460 uxorem

97 1479 200 1540 fratris
220 1480 269 1540 sul
288 1479 382 1540 filiam
403 1477 501 1550 dedit,
524 1494 605 1553 quae
625 1495 732 1539 secum
753 1480 827 1540 nihil
843 1480 940 1539 attulit
953 1488 1076 1556 praeter
1137 1531 1142 1539 .

96 1563 266 1624 libertatem
277 1561 525 1637 pudicitiamque,
540 1569 571 1622 et
582 1576 650 1621 curn
660 1562 709 1622 his
719 1562 944 1638 fecunditatem,
961 1572 1075 1639 quanta

96 1646 148 1706 vel
168 1646 199 1706 in
220 1644 275 1707 diti
296 1647 388 1706 domo
407 1645 483 1706 satis
505 1651 598 1706 esset.
622 1660 680 1705 sex
699 1644 753 1704 lilii
766 1645 873 1719 nobis,
899 1646 979 1707 duae
993 1647 1074 1709 filiae

95 1735 177 1801 sunt,
191 1736 340 1806 ubaeque
354 1729 414 1789 iam
428 1736 551 1804 nuptae.
573 1728 627 1788 tilii
642 1733 787 1803 quattuor
800 1736 889 1804 togas
902 1728 1006 1790 viriles
1020 1730 1073 1791 ha·

95 1811 185 1888 bont,
207 1813 269 1874 duo
291 1812 473 1889 praetextati
487 1817 568 1872 sunt.
590 1812 678 1871 miles
694 1827 763 1872 sum
777 1812 877 1874 lactus
889 1812 922 1872 Ρ.
937 1812 1073 1889 Sulpicio

97 1897 129 1957 c.
145 1895 270 1957 amabo
286 1895 474 1958 consulibus.
496 1895 527 1955 in
542 1911 580 1955 eo
596 1895 741 1967 exercitu,
757 1896 808 1972 qui
819 1894 850 1955 in
860 1895 1074 1958 Macedoniam

95 1988 146 2041 ast
158 1985 398 2055 transportatus,
422 1978 577 2040 biennium
590 1979 677 2039 mdes
692 1979 850 2054 gregarius
865 1978 909 2039 lui
923 1979 1073 2040 adversus

96 2061 269 2139 Philippum
297 2079 419 2139 regem3
456 2062 546 2123 tertio
577 2078 658 2123 anno
682 2062 800 2123 virtutis
826 2077 921 2122 causa
943 2061 1016 2121 mihi
1040 2063 1073 2122 Τ.

95 2145 447 2221 Quinotiusl'laminious
459 2147 609 2206 decimum
621 2144 760 2207 ordinem
770 2144 921 2219 hastatum
931 2144 1073 2219 adsigna·

95 2230 150 2289 vit.
184 2230 303 2292 devicto
333 2230 473 2305 Philippo
498 2229 785 2304 Macedonibusque
810 2245 880 2289 curn
902 2228 933 2288 in
957 2228 1073 2289 ltaliam

94 2314 208 2389 portati
230 2329 267 2375 ac
287 2312 404 2375 dimissi
425 2329 582 2387 essemus,
609 2313 754 2374 continuo
775 2310 862 2373 miles
882 2312 1073 2373 voluntarius

95 2413 168 2459 cum
179 2396 220 2456 ll.
239 2397 347 2459 Porcio
370 2399 498 2458 consule
511 2397 542 2456 in
556 2396 736 2473 Hispaniam
749 2412 819 2457 snm
832 2395 1000 2472 proiectus.
1021 2411 1074 2455 ne-

66 2547 82 2562 ·
94 2481 209 2541 minem
221 2481 357 2542 omnium
367 2478 593 2556 imperatorum,
605 2481 658 2557 qui
669 2481 781 2554 vivant,
794 2480 943 2540 acriorem
953 2477 1073 2541 vinutis

95 2570 304 2639 spectatorem
317 2580 355 2625 ac
370 2564 502 2624 iudicem
517 2563 614 2626 luisse
629 2562 731 2625 sciunt
744 2564 796 2639 qui
809 2570 841 2625 et
853 2563 937 2624 illum
951 2563 1073 2636 etalios

94 2648 192 2708 duces
206 2649 300 2723 longa
309 2647 415 2708 militia
429 2648 548 2723 experti
557 2655 638 2715 sunt
652 2647 702 2707 hic
712 2664 761 2708 me
771 2647 937 2723 imperator
948 2647 1074 2722 dignum

94 2730 250 2804 iudicavit,
266 2731 315 2792 cui
330 2731 459 2806 primum
473 2732 625 2792 hastatum
639 2730 752 2806 prioris
764 2731 919 2791 centuriae
930 2730 1073 2805 adsigna·
1127 2798 1139 2813 ⁸

94 2820 151 2875 ret.
180 2814 268 2877 tertio
287 2813 396 2875 iterum
416 2815 605 2876 voluntarius
626 2814 714 2874 miles
734 2814 833 2874 lactus
854 2829 922 2874 sum
947 2813 978 2872 in
1002 2829 1073 2873 eum

94 2896 272 2971 exercitum,
290 2897 343 2973 qui
357 2898 508 2959 adversus
523 2900 651 2959 Aetolos
666 2906 697 2959 et
708 2895 892 2958 Antiochum
906 2911 1011 2969 regem
1025 2903 1073 2956 est

93 2982 221 3042 missus.
242 2998 261 3042 a
280 2981 330 3041 Μ’.
345 2981 445 3043 Acilio
465 2981 538 3041 mihi
552 2981 669 3057 primus
683 2981 828 3055 princeps
842 2978 953 3055 prioris
968 2986 1072 3040 centu·

95 3066 160 3127 riae
173 3073 222 3126 cst
236 3066 425 3140 adsignatus.
449 3067 581 3140 expulso
596 3080 670 3139 rege
684 3063 846 3136 Antiocho,
862 3061 997 3123 subactis
1011 3064 1072 3123 Ae·

94 3148 166 3209 tolis
187 3149 335 3225 reportati
355 3164 462 3209 sumus
484 3150 514 3208 in
536 3148 669 3216 ltaliam;
701 3155 731 3207 et
752 3144 899 3222 deinceps
921 3145 970 3207 bis
992 3160 1072 3222 quae

93 3247 197 3291 annua
221 3232 378 3293 merebant
401 3228 538 3311 legiones
564 3230 719 3307 stipendia
739 3228 807 3289 leci.
839 3227 888 3289 bis
909 3229 1021 3290 deinde
1040 3227 1071 3287 in

93 3314 244 3389 hispania
253 3314 388 3391 militavi,
403 3318 498 3377 semel
514 3315 548 3389 Q.
559 3315 666 3375 Fulvio
677 3313 797 3387 Flacco,
812 3314 920 3374 iterum
930 3313 974 3372 Ti.
987 3310 1072 3370 Sem-

94 3398 205 3472 pronio
229 3398 367 3459 Graccho
389 3407 539 3474 praetore.
568 3398 717 3458 alliacen
738 3395 816 3457 inter
830 3402 966 3467 ceteros,
993 3407 1071 3466 quos

23 3491 26 3494 ⁴
94 3480 213 3543 virtutis
230 3498 325 3542 causa
339 3497 444 3543 secum
459 3483 498 3542 ad
511 3481 696 3557 triumphurn
710 3480 897 3547 deducebat,
919 3476 1071 3537 deductus
