2642 4017
257 243 317 309 144
414 241 847 305 LIBERXL11.0AP.17.1a
870 246 907 314 [a.
921 244 955 298 tt.
968 260 992 297 e.
1005 244 1069 311 seo]

252 396 391 471 trahique
405 394 504 469 magis
520 409 612 470 quam
626 393 718 452 vellet
731 391 761 451 io
776 405 908 452 arcanos
922 405 1083 451 sermones
1099 395 1147 450 est
1161 405 1236 451 coe

252 488 333 558 ptus.
359 477 520 554 promissis
542 476 623 536 enim
638 475 817 551 ingentibus
838 472 984 549 praemiis
1007 478 1112 549 petere
1126 473 1239 535 institit

251 564 289 625 ab
310 579 348 625 eo
369 578 441 636 rex,
464 559 610 635 quoniam
630 559 726 620 duces
740 573 848 618 onrnes
862 556 1018 633 legatique
1032 557 1162 618 Romani
1178 556 1237 618 ho-

252 648 342 724 spitio
358 646 425 707 eius
440 645 483 707 uti
499 644 699 717 adsuessent,
723 643 834 717 quibus
849 656 956 704 eorum
970 640 1039 716 ipse
1054 639 1239 716 scripsisset

252 738 286 793 ut
299 746 450 791 venenum
472 728 607 788 dandum
622 733 751 787 curaret.
780 726 867 787 cuius
882 726 962 785 scire
977 739 1013 785 se
1028 723 1237 799 comparatio-

252 830 320 876 nem
341 813 504 891 plurimum
525 809 712 871 difficultatis
732 814 762 869 et
783 808 911 886 periculi
931 807 1062 869 haberes
1092 808 1236 883 pluribus

253 896 387 960 consciis
402 895 584 970 comparari,
605 900 717 954 eventu
731 900 892 969 praeterea
905 891 1022 953 incerto
1037 906 1118 967 esse,
1134 899 1168 953 ut
1183 898 1239 953 aut

253 982 327 1042 satis
343 977 483 1039 efficacia
498 980 537 1039 ad
551 994 615 1038 rem
632 977 838 1052 peragendam
851 983 903 1038 aut
917 983 981 1037 tuta
995 976 1035 1036 ad
1054 990 1118 1035 rem
1132 978 1237 1036 celan-

251 1066 323 1125 dam
345 1064 463 1123 dentur.
491 1077 526 1122 se
548 1063 689 1123 daturum
710 1060 795 1137 quod
816 1075 874 1119 nec
894 1059 924 1120 in
939 1060 1042 1120 dando
1058 1074 1116 1123 uec
1130 1061 1238 1121 datum

253 1148 313 1208 ullo
336 1147 424 1221 signo
446 1146 595 1221 deprendi
615 1153 732 1221 posset.
760 1142 918 1206 Rammius
934 1144 1058 1218 veritus,
1081 1159 1121 1202 ne
1138 1142 1166 1205 si
1180 1142 1236 1204 ab·

253 1231 380 1305 nuisset,
395 1228 512 1305 primus
523 1230 592 1305 ipse
602 1229 713 1289 veneni
723 1225 965 1303 experimentum
977 1233 1070 1303 esset,
1085 1227 1236 1288 iacturum

212 1303 220 1319 '
253 1313 406 1391 pollicitus
421 1313 635 1389 proficiscitur.
657 1327 715 1372 nec
729 1310 925 1373 Brundisium
941 1318 1010 1373 ante
1024 1308 1130 1390 redire
1142 1326 1238 1387 quam

251 1405 404 1477 convento
421 1397 451 1458 C.
467 1397 592 1458 Valerio
608 1397 722 1472 legato,
748 1394 801 1472 qui
816 1396 898 1456 eirca
912 1395 1087 1456 Chalcidem
1101 1411 1173 1455 esse
1188 1392 1237 1455 di-

251 1483 387 1557 cebatur,
405 1482 509 1543 voluit.
532 1480 656 1541 adeum
672 1479 801 1556 primum
813 1479 925 1541 indicio
939 1480 1050 1554 delato,
1064 1477 1154 1540 iussu
1165 1477 1235 1540 eius

253 1568 380 1627 Romam
401 1566 491 1627 simul
516 1564 607 1625 venit.
642 1564 833 1625 introductus
853 1564 884 1624 in
908 1564 1038 1639 curiam,
1065 1578 1145 1637 quae
1167 1570 1237 1624 acta

250 1655 353 1722 erant,
377 1650 530 1725 exposuit.

337 1732 444 1792 XVlll.
459 1733 543 1793 llaec
557 1732 598 1792 ad
613 1747 649 1791 ea
667 1747 747 1806 quae
762 1732 801 1791 ab
815 1732 952 1793 Eumene
968 1732 1068 1793 delate
1083 1738 1170 1792 erant
1183 1746 1233 1791 ae·

251 1831 389 1891 cessere,
404 1832 465 1891 quo
481 1817 627 1877 maturius
643 1814 742 1876 hostis
756 1815 889 1877 Perseus
904 1815 1099 1891 iudicaretur,
1117 1815 1234 1891 quippe

255 1916 343 1977 quem
359 1915 420 1960 non
435 1900 545 1961 iustum
559 1899 651 1959 modo
667 1915 818 1974 apparare
828 1899 941 1961 bellum
952 1900 1037 1975 regio
1048 1899 1160 1973 animo,
1176 1897 1235 1959 sed

254 2000 309 2064 per
330 1984 432 2046 omnia
453 1982 644 2046 clandestina
662 1984 799 2058 grassari
820 1983 939 2044 seelera
954 1981 1181 2045 latrociniorum
1195 1997 1234 2042 ae

256 2066 471 2130 ueneficiorum
488 2068 661 2130 cernebant.
683 2066 755 2126 belli
766 2067 985 2129 administratio
997 2068 1037 2129 ad
1048 2082 1147 2128 novos
1159 2082 1233 2128 con·

254 2155 337 2214 soles
352 2153 465 2214 reiecta
480 2158 541 2213 est=
563 2150 594 2212 in
609 2152 785 2227 praesentia
799 2159 899 2212 tamen
915 2152 966 2211 Cn.
985 2151 1130 2213 Sicinium
1144 2167 1232 2228 proc-

253 2243 363 2311 torem,
394 2238 480 2297 euius
502 2236 580 2298 inter
601 2235 686 2296 cives
708 2243 738 2297 et
764 2237 943 2311 peregrinos
963 2234 1132 2297 iurisdictio
1158 2242 1233 2310 erat,

254 2320 390 2381 scribere
404 2320 514 2382 milites
530 2320 652 2395 placuit,
668 2319 720 2393 qui
735 2319 931 2381 Brundisium
946 2320 1028 2380 ducti
1043 2319 1141 2397 prim0
1157 2334 1233 2393 quo·

253 2421 314 2480 que
330 2412 468 2479 tempore
481 2404 677 2479 Apolloniam
692 2404 723 2462 in
738 2403 862 2479 Epirum
874 2404 1074 2465 traicerentur
1085 2404 1125 2464 ad
1139 2419 1231 2463 oceu-

252 2489 371 2563 pandas
386 2486 552 2547 maritimas
565 2487 669 2560 urbes,
684 2486 737 2546 ubi
752 2489 871 2561 consul,
895 2488 943 2548 cui
957 2487 1117 2564 provincia
1130 2487 1231 2547 Mace-

250 2571 345 2630 donia
364 2568 556 2641 obvenisset,
580 2570 712 2628 classem
733 2573 890 2644 appellere
911 2577 975 2632 tuto
997 2578 1028 2633 et
1048 2572 1154 2646 copias
1176 2585 1233 2646 per

253 2652 446 2714 commodum
461 2667 618 2727 exponere
632 2658 750 2729 posset.
770 2654 923 2716 Eumenes
939 2654 1125 2732 aliquamdiu
1139 2654 1232 2728 Aegi-

253 2751 310 2796 nae
326 2742 463 2798 retentus
478 2735 654 2812 periculosa
668 2744 698 2798 et
712 2737 827 2798 ditflctti
839 2739 1006 2814 curatione,
1022 2737 1232 2814 cumprimum

252 2826 315 2880 tuto
331 2820 436 2895 potuit,
452 2822 609 2896 proiectus
619 2821 808 2896 Pergamum,
823 2829 945 2899 praeter
955 2823 1116 2899 pristinum
1128 2821 1233 2883 odium
1316 2850 1318 2877 t

252 2905 366 2965 recenti
380 2904 470 2966 etiam
484 2906 602 2966 scelere
616 2905 720 2966 Persei
736 2907 910 2968 stimulante
924 2923 1044 2967 summa
1057 2906 1086 2969 vi
1103 2904 1231 2982 parabat

253 2987 372 3048 bellum.
394 2989 484 3065 legati
503 3007 542 3052 eo
557 2990 594 3050 ab
609 2992 708 3051 Roma
722 2991 925 3066 gratulantes,
949 2992 1035 3067 quod
1048 3007 1066 3051 c
1081 2996 1163 3051 tanto
1179 3004 1230 3064 pe·

250 3070 346 3133 riculo
361 3074 520 3149 evasisset,
536 3082 694 3136 venerunt.

334 3156 407 3216 Cum
427 3157 660 3220 Macedonicum
681 3159 793 3219 bellum
813 3158 844 3219 in
865 3175 978 3219 annum
999 3159 1123 3220 dilatum
1138 3163 1230 3232 esset,

252 3240 361 3302 ceteris
383 3242 574 3315 praetoribus
588 3242 649 3303 iam
671 3243 700 3303 in
716 3242 892 3319 provincias
908 3242 1056 3319 protectis
1069 3242 1110 3303 Μ.
1127 3239 1231 3301 lunius

247 3331 281 3383 et
292 3323 346 3400 Sp.
358 3324 525 3400 Lucretius,
541 3326 652 3401 quibus
664 3324 831 3401 Hispaniae
843 3327 1021 3401 provinciae
1032 3327 1231 3399 obvenerant,

251 3408 411 3485 fatigantes
426 3424 521 3485 saepe
536 3409 614 3470 idem
630 3410 764 3485 petendo
779 3417 933 3486 senatum,
955 3411 1077 3471 tandem
1093 3408 1232 3485 pervice-

251 3500 329 3566 runt,
344 3499 378 3555 ut
392 3494 637 3568 supplementum
650 3493 709 3553 sibi
721 3495 760 3555 ad
772 3494 937 3555 exercitum
950 3494 1073 3555 daretur
1084 3492 1140 3554 tria
1150 3491 1231 3552 milia
