2642 4017
239 238 283 303 oe
414 239 530 299 omre
544 238 604 297 xo.
628 215 1044 307 cheronensem]

240 394 334 469 sules,
350 408 479 467 quorum
495 386 656 466 provincia
666 397 759 463 esset,
775 405 868 465 quam
880 404 923 460 se,
940 388 1015 465 quid
1028 388 1224 464 erepublica

241 484 338 551 esset,
362 475 545 543 decernere3
567 482 631 535 tum
646 488 772 549 quoque
787 489 849 533 non
866 474 1004 548 placere,
1026 471 1124 547 siper
1139 472 1225 533 dedi·

240 561 355 621 tionem
368 559 497 634 Ligures
512 556 655 632 recipiat,
677 557 811 631 receptis
829 571 914 617 arma
928 555 1036 626 adimi,
1059 562 1153 631 atque
1168 572 1224 618 eos

241 644 281 704 ad
296 644 456 704 consulem
469 641 545 702 mitti
559 647 701 702 senatum
715 655 846 717 aequum
863 655 999 700 censere.

325 725 486 787 Praetores
507 725 617 785 eodem
638 731 791 799 tempore,
812 724 844 783 P.
859 724 991 784 Manlius
1005 723 1035 782 in
1050 723 1226 785 ulteriorem

240 810 435 884 Hispaniam,
459 823 550 884 quam
564 814 596 868 et
609 806 712 882 priore
725 815 869 883 praetura
883 805 1072 883 provinciam
1088 807 1226 868 obtinue-

240 901 295 966 rat,
311 892 344 967 Q.
359 891 485 953 Fulvius
499 892 628 952 Flaccus
642 891 674 952 in
688 891 858 952 citeriorem
874 891 1028 966 pervenit,
1043 889 1227 951 exercitum·

243 991 303 1052 que
316 992 336 1035 a
349 975 489 1036 Terentio
511 974 644 1051 accepim
664 991 735 1035 nam
748 975 875 1036 ulterior
894 983 991 1036 morte
1003 974 1036 1033 P.
1053 972 1227 1048 Sempronii

243 1058 439 1134 proconsulis
461 1058 527 1119 sine
547 1059 676 1135 imperio
690 1060 797 1119 lueret.
827 1059 964 1119 Fulvium
979 1058 1123 1119 Flaccum
1137 1059 1226 1134 oppi-

242 1144 315 1202 dum
327 1140 498 1216 Hlspannm
512 1143 678 1204 Urbicuam
697 1142 821 1204 nomine
841 1150 1071 1218 oppugnantem
1085 1141 1227 1202 Celtiberi

242 1225 342 1287 adorti
361 1231 441 1287 sunt.
471 1227 548 1287 dura
562 1226 603 1286 ibi
621 1226 739 1302 proelia
752 1226 869 1303 aliquot
883 1227 977 1297 lacta,
1000 1226 1084 1287 multi
1096 1226 1228 1286 Romani

241 1308 353 1370 milites
374 1315 405 1369 et
424 1310 573 1370 vulnerati
594 1318 624 1371 et
637 1310 785 1372 interlecti
807 1317 886 1371 sunt.
913 1309 986 1370 vicit
999 1309 1229 1384 perseverantia

241 1392 376 1466 Mulvius,
392 1394 477 1466 quod
490 1396 574 1454 nulla
586 1393 617 1453 vi
631 1393 767 1455 abstrahi
782 1395 820 1455 ab
837 1394 1000 1455 obsidione
1015 1394 1122 1469 potnit,
1139 1393 1226 1454 Celti·

242 1477 308 1537 beri
322 1475 398 1537 lessi
413 1477 540 1551 proeliis
554 1478 647 1538 variis
663 1478 890 1539 abscesserunt.
913 1478 988 1538 urbs
999 1484 1100 1539 amoto
1112 1476 1226 1538 auxilio
1312 1469 1313 1518 ἲ

243 1576 349 1622 eorum
369 1560 447 1621 intra
468 1577 587 1637 paucos
608 1562 675 1622 dies
696 1569 786 1637 capta
806 1568 837 1622 et
856 1561 975 1637 direpta
994 1567 1056 1622 est:
1082 1561 1228 1637 praedam

244 1643 388 1705 militibus
403 1653 528 1719 praetor
543 1645 707 1706 concessit.
733 1646 857 1708 Fulvius
872 1645 932 1707 hoc
948 1644 1063 1721 oppido
1078 1651 1179 1720 capto,
1193 1642 1226 1703 P.

244 1726 374 1788 Manlius
394 1730 531 1789 exercitu
549 1734 665 1790 tantum
686 1730 824 1790 inunum
843 1736 967 1802 coacto,
989 1728 1041 1804 qui
1056 1728 1134 1789 dissi
1158 1734 1228 1789 atus

244 1812 352 1885 luerat,
366 1812 449 1871 nulla
463 1811 521 1873 alia
535 1813 724 1875 memorabili
736 1820 823 1887 gesta
833 1829 876 1885 re,
893 1812 1045 1873 exercitus
1056 1811 1087 1871 in
1099 1746 1229 1873 tigerne

244 1895 446 1956 deduxerunt.
469 1895 545 1957 haec
557 1912 595 1957 ea
610 1905 726 1958 aestate
740 1895 772 1957 in
781 1897 930 1972 Hispania
941 1903 1037 1971 gesta.
1058 1897 1227 1972 Terentius,

245 1980 297 2055 qui
312 1995 351 2039 ex
365 1994 403 2038 ea
417 1980 576 2054 provincia
590 1981 775 2054 decesserat,
791 1997 890 2041 ovans
903 1981 1012 2041 urbem
1025 1980 1098 2040 iniit.
1127 1986 1225 2040 trans-

243 2064 337 2125 latum
364 2064 481 2137 argenti
506 2064 610 2138 pondo
632 2079 743 2125 novem
762 2063 844 2124 milia
862 2071 997 2125 occentu
1015 2063 1137 2138 viginti,
1161 2062 1228 2123 auri
1312 2091 1313 2122 1

244 2147 399 2221 octoginta
413 2147 529 2221 pondo,
544 2152 575 2206 et
589 2146 669 2207 duae
683 2163 816 2208 coronae
826 2163 939 2207 aureae
950 2148 1055 2223 pondo
1067 2147 1228 2222 sexaginta
1312 2217 1313 2222 .

245 2237 372 2304 septem.

328 2313 422 2375 XVII.
441 2313 559 2375 Eodem
578 2329 658 2373 anno
679 2314 757 2373 inter
777 2315 926 2390 populum
947 2312 1227 2390 carthaginiensem

244 2405 274 2459 et
287 2413 391 2473 regern
401 2397 597 2457 Masinissam
608 2398 638 2456 in
650 2412 685 2456 re
696 2398 851 2471 praesenti
862 2397 1086 2473 disceptatores
1097 2394 1227 2459 Romani

244 2482 283 2543 de
304 2496 377 2555 agro
399 2481 529 2542 luerunt.
559 2488 686 2554 ceperat
704 2495 771 2541 eum
793 2482 833 2542 ab
854 2482 1154 2558 Carthaginiensibus
1171 2498 1226 2559 pa·

242 2571 289 2624 ter
302 2562 486 2624 Masinissae
498 2562 588 2631 Gala3
610 2563 715 2624 Galam
727 2564 858 2644 Syphax
871 2565 943 2626 inde
957 2567 1126 2641 expulerat,
1140 2572 1226 2643 post·

245 2645 327 2706 eain
347 2646 474 2722 gratiam
495 2646 596 2707 soceri
609 2648 811 2711 Hasdrubalis
827 2649 1128 2727 Carthaginiensibus
1143 2650 1226 2712 dono

244 2730 386 2800 dederam
416 2728 683 2805 Carthaginienses
708 2748 746 2795 eo
768 2750 848 2795 anno
868 2733 1034 2796 Masinissa
1058 2735 1227 2810 expulerat

242 2813 325 2873 haud
339 2814 456 2875 minore
467 2815 631 2877 certamina
642 2817 822 2892 animorum,
841 2820 932 2895 qnam
944 2835 1013 2879 cum
1025 2820 1106 2879 terro
1118 2816 1228 2879 etacio

244 2895 439 2971 dimicamnt,
467 2914 518 2960 res
544 2907 613 2961 acta
637 2901 720 2978 apud
745 2903 912 2964 Romanos.
949 2900 1226 2978 Carthaginienses,

244 2980 329 3056 quod
343 2982 441 3057 primo
455 2983 605 3045 maiorum
619 3002 746 3047 suorum
761 2987 883 3061 luisset,
900 2986 1012 3047 deinde
1027 2987 1065 3047 ab
1080 2984 1227 3065 Syphace
1312 3043 1313 3052 .

244 3064 284 3123 ad
305 3080 340 3126 se
365 3067 572 3141 pervenisset,
597 3071 786 3145 repetebant.
815 3071 981 3132 Masinissa
1000 3072 1119 3146 paterni
1139 3069 1227 3145 regni

244 3163 351 3221 agrum
371 3166 407 3211 se
421 3159 452 3212 et
470 3152 629 3229 recepisse
643 3162 674 3214 et
692 3154 807 3215 habere
827 3155 961 3231 gentium
977 3154 1044 3216 iure
1058 3155 1173 3223 aiebam
1196 3161 1227 3214 et

245 3247 340 3292 causa
359 3240 391 3294 et
410 3236 613 3310 possessione
633 3238 824 3311 superiorem
843 3254 932 3309 esse;
955 3237 1030 3299 nihil
1047 3239 1128 3300 aliud
1144 3254 1180 3299 se
1194 3236 1226 3297 in

244 3331 282 3376 ea
305 3315 527 3395 disceptatione
550 3327 686 3380 metuere
711 3339 802 3398 quam
827 3338 866 3383 ne
888 3324 990 3397 pudor
1008 3324 1226 3395 Romanorum,

183 3467 187 3480 .
244 3399 317 3461 dam
331 3410 503 3478 vereantur,
524 3419 563 3463 ne
579 3401 653 3479 quid
671 3406 756 3467 socio
771 3414 864 3482 atque
880 3407 978 3468 amico
992 3408 1059 3484 regi
1073 3407 1225 3467 adversus

244 3501 420 3550 communes
442 3504 517 3550 suos
539 3494 633 3564 atque
653 3487 734 3549 illius
749 3490 855 3552 hostes
870 3490 1038 3553 indulsisse
1052 3490 1223 3562 videantur,
