2642 4017
234 294 299 358 aaa
398 294 514 354 LIBER
524 292 614 352 xlv.
636 290 1043 364 CAP.1o.11.[a.u.e.5ett

234 445 298 517 tuit,
316 440 413 519 quiin
428 443 585 517 plerisque
600 456 721 514 eorum,
744 454 824 516 quae
838 445 1103 500 commemoratae
1116 437 1220 514 Popn

235 529 274 589 lio
290 531 403 597 essent
419 525 540 600 culpam
553 538 615 584 non
631 539 728 600 penes
743 523 892 600 populum
913 523 969 583 sed
988 537 1083 597 penes
1098 536 1219 597 paucos

235 611 408 674 concitores
421 607 505 684 vulgi
518 623 591 668 esse
605 607 690 668 dixit
719 622 785 681 eos,
799 608 938 667 venalem
952 604 1085 680 linguam
1101 605 1220 666 haben·

236 703 292 768 tes,
308 693 432 753 decreta
447 693 539 767 plena
552 690 656 766 regiae
670 690 892 751 adsentationis
907 690 1037 763 iecisse,
1060 696 1091 750 et
1104 704 1159 749 eas
1174 689 1218 748 le·

233 777 374 853 gationes
399 775 537 848 misisse,
568 790 697 851 quarum
718 772 858 835 Rhodios
884 789 1007 851 semper
1028 788 1090 834 non
1116 773 1218 833 minus

235 862 366 936 puderet
392 875 484 936 quam
511 858 688 935 paeniteret.
733 872 812 935 quae
837 858 953 932 omnia,
980 858 1007 918 si
1033 872 1111 919 sana
1128 870 1218 919 mens

235 944 351 1020 populo
372 944 467 1015 toret,
488 942 517 1001 ln
541 941 643 1018 capita
662 941 827 1003 noxiorum
846 955 983 1002 versura.
1022 956 1091 1002 cum
1106 956 1217 1016 magno

127 1056 131 1064 ·
235 1028 372 1087 adsensu
394 1026 515 1086 auditus
541 1032 603 1100 est,
630 1041 691 1087 non
711 1024 810 1101 magis
830 1032 868 1085 eo
891 1025 973 1100 quod
995 1024 1217 1085 multitudinem

235 1125 318 1169 noxa
342 1108 479 1181 levabat,
506 1124 598 1184 quam
619 1109 704 1185 quod
724 1111 845 1185 culpam
866 1108 895 1167 in
917 1115 1060 1169 auctores
1074 1114 1216 1169 verterat.

235 1194 338 1269 itaque
353 1206 421 1252 curn
436 1189 592 1267 principes
611 1208 719 1254 eorum
738 1192 885 1252 Romanis
902 1191 1144 1268 responderent,
1164 1207 1217 1250 ne·

235 1291 390 1353 quaquam
404 1282 464 1336 tam
479 1283 564 1351 grata
580 1277 677 1338 oratio
690 1291 796 1337 eorum
810 1275 879 1350 luit,
902 1277 955 1351 qui
974 1289 1053 1352 quae
1067 1274 1217 1353 Popillius

235 1360 391 1422 obiecerat
405 1359 521 1420 diluere
533 1366 700 1434 utcunque
714 1359 815 1420 conati
829 1366 910 1435 sunt,
926 1374 1019 1436 quam
1032 1375 1147 1432 eorum,
1164 1358 1217 1433 qui

234 1443 370 1505 Decimio
386 1443 415 1502 in
430 1442 607 1505 auctoribus
622 1443 662 1503 ad
685 1443 838 1519 piaculum
858 1458 959 1505 noxae
976 1442 1145 1504 obiciendis
1160 1443 1214 1502 ad-

235 1527 320 1588 sensi
335 1534 414 1588 sunt.
451 1527 606 1588 decretum
622 1526 713 1602 igitur
727 1529 890 1602 extemplo,
909 1534 943 1587 ut
962 1526 1013 1602 qui
1029 1542 1086 1601 pro
1100 1525 1215 1587 Perseo

235 1611 386 1673 adversus
401 1611 557 1672 Romanos
573 1611 689 1673 dixisse
711 1609 785 1685 quid
807 1617 858 1671 aut
870 1610 983 1671 iecisse
998 1610 1215 1670 convinceren-

236 1701 293 1766 tur,
313 1694 421 1770 eapitis
441 1694 726 1754 condemnarentur.
762 1698 964 1755 excesserunt
984 1692 1060 1754 urbe
1082 1693 1141 1754 sub
1161 1692 1214 1752 ad·
1287 1770 1291 1777 ι

235 1783 326 1837 ventu
340 1779 548 1838 Romanorum
563 1777 696 1857 quidam,
710 1777 761 1838 alii
776 1785 904 1838 mortem
919 1777 977 1838 sibi
990 1777 1215 1838 consciverunt.

236 1859 326 1935 legati
351 1875 412 1921 non
435 1863 514 1923 ultra
537 1878 628 1937 quam
651 1860 787 1938 quinque
808 1862 874 1922 dies
894 1860 995 1922 Rhodi
1015 1860 1124 1922 morati
1145 1860 1216 1920 Ale

235 1944 401 2005 xandream
424 1945 670 2020 proficiscuntur.
706 1960 764 2005 nee
779 1959 816 2005 eo
833 1946 958 2022 segnius
980 1944 1094 2005 iudicia
1108 1960 1147 2004 ex
1162 1945 1215 2004 de·

236 2035 319 2088 oreto
335 2044 438 2090 coram
453 2028 501 2090 his
517 2031 598 2090 iacto
614 2029 715 2090 Rhodi
731 2030 967 2099 exercebantur
995 2044 1088 2105 quam
1109 2043 1213 2103 perse-

238 2112 401 2174 verantiam
416 2115 446 2173 in
462 2112 662 2187 exsequenda
677 2128 710 2172 re
724 2111 851 2173 Decimii
866 2113 974 2174 lenitas
988 2110 1033 2169 **.

318 2197 368 2257 lll.
391 2197 465 2258 Cum
475 2196 553 2257 haec
563 2202 748 2272 gererentur,
760 2197 930 2258 Antiochus
942 2194 1214 2269 frustratemptatis

235 2280 395 2341 moenibus
417 2281 614 2341 Alexandrea
641 2281 851 2351 abscesseram
880 2288 1044 2356 ceteraque
1068 2281 1213 2356 Aegypto

235 2364 358 2439 potitus,
385 2363 490 2423 relicto
515 2363 649 2437 Memphi
670 2365 785 2425 maiore
803 2364 992 2438 Ptolemaeo,
1019 2363 1067 2423 eui
1087 2377 1213 2437 regnum

236 2447 342 2523 quaeri
354 2447 420 2507 suis
433 2444 549 2506 viribus
562 2445 732 2521 simulabat,
746 2454 780 2508 ut
788 2446 935 2508 victorem
946 2463 1019 2510 mox
1030 2446 1214 2522 adgredere·

233 2542 296 2604 tur,
315 2531 346 2588 in
368 2528 489 2606 Syriam
510 2528 676 2588 exercitum
692 2529 827 2589 abduxit.
862 2547 920 2592 nec
938 2531 1029 2592 huius
1049 2529 1214 2591 voluntatis

234 2613 300 2677 eius
312 2612 436 2684 ignarus
446 2610 647 2683 Ptolemaeus,
661 2613 733 2671 dum
745 2613 939 2676 conterritum
951 2614 1122 2676 obsidionis
1132 2620 1215 2675 metu

235 2694 384 2753 minorem
399 2695 521 2754 tratrem
536 2693 671 2769 haberet,
689 2710 784 2771 posse
799 2712 835 2756 se
849 2698 945 2773 recipi
955 2697 1166 2758 Alexandreae
1183 2704 1214 2756 et

234 2792 343 2838 sorore
354 2776 518 2838 adiuvante
529 2785 560 2838 et
571 2794 631 2838 non
640 2778 882 2855 repugnantibus
893 2781 1107 2842 iratrisamicis
1119 2788 1212 2853 ratus,

233 2859 364 2937 primum
387 2863 426 2921 ad
447 2877 600 2935 sororem,
623 2862 735 2925 deinde
756 2865 795 2925 ad
818 2864 940 2924 tratrem
955 2865 1133 2940 amicosque
1147 2863 1213 2924 eius

233 2959 295 3005 non
318 2945 402 3020 prius
425 2945 538 3006 destitit
558 2946 690 3023 mittere,
713 2965 806 3024 quam
828 2964 935 3024 paoem
955 2963 1023 3009 cum
1044 2948 1082 3008 iis
1104 2947 1212 3008 conflr-

191 3067 194 3072 -
232 3035 337 3089 maret.
374 3036 552 3104 suspectum
574 3031 757 3094 Antiochum
778 3031 922 3094 effecerat
939 3033 1024 3109 quod
1039 3038 1141 3093 cetera
1152 3032 1212 3092 Ae

233 3119 329 3190 gypto
342 3113 401 3174 sibi
412 3114 523 3174 tradita
532 3113 646 3176 Pelusii
656 3117 790 3176 validum
801 3116 938 3177 relictum
946 3124 1011 3177 erat
1017 3113 1212 3193 praesidium.

233 3196 402 3272 apparebat
417 3199 551 3258 claustra
564 3200 698 3276 Aegypti
715 3200 825 3273 teneri,
846 3208 879 3260 ut
893 3216 962 3261 curn
976 3202 1084 3274 vellet,
1105 3213 1213 3260 rursus

233 3278 305 3340 inde
320 3283 486 3342 exercitum
501 3282 674 3350 inducerem
695 3280 777 3343 bello
797 3283 941 3345 intestino
957 3300 1027 3345 cum
1041 3285 1133 3344 hatte
1146 3298 1213 3343 eum

233 3365 345 3426 exitum
366 3365 448 3437 iore,
468 3374 501 3425 ut
522 3363 618 3425 victor
638 3366 742 3426 tessus
764 3365 928 3427 certamine
949 3382 1144 3444 nequaquam
1159 3381 1214 3441 par

233 3448 385 3508 Antiocho
407 3448 526 3508 iuturus
548 3455 640 3507 esset.
673 3449 751 3508 haec
773 3450 938 3523 prudenter
960 3451 1174 3511 animadversa
1196 3464 1214 3508 a

232 3530 348 3589 maiore
369 3547 436 3590 curn
459 3529 596 3589 adsensu
615 3531 715 3591 minor
734 3532 826 3591 irater
847 3534 962 3607 quique
983 3549 1052 3594 cum
1074 3550 1112 3593 eo
1129 3541 1215 3594 erant
1313 3598 1314 3603 ,
