2642 4017
243 257 303 321 188
428 256 544 318 LIBER
556 256 645 316 XLII.
667 255 750 316 CAP.
764 261 809 318 bi·
831 260 868 327 [a.
879 261 915 315 U.
925 277 951 312 a.
960 259 1024 327 ⁶81]

241 418 336 486 pure.
360 423 429 469 eum
441 407 555 467 Pellam
568 408 720 479 venisset,
741 406 928 468 exercituin
947 406 1219 471 hibemadimisso

240 493 310 569 ipse
324 507 394 552 eum
405 492 501 568 Cotye
510 489 760 551 Thessalonicam
770 497 820 555 est
831 491 1000 566 proieotua
1019 504 1058 552 eo
1071 492 1152 552 tama
1164 494 1219 553 ad·

241 578 337 637 fertur
348 574 499 636 Atlesbim
516 574 655 648 regulum
667 573 818 634 Thracum
837 581 868 634 et
888 574 1054 649 Corragum
1071 574 1219 637 Eumenis

241 660 428 735 praesectam
443 657 474 717 in
488 656 594 735 Cotyis
608 657 689 717 lines
702 657 846 732 impetum
865 657 993 731 lauisse,
1015 664 1047 718 at
1060 658 1220 735 regionem

239 742 385 802 Marenen
399 756 491 815 quam
501 746 614 802 vocant
626 739 760 815 cepisse
781 739 885 814 itaque
898 740 1108 802 dimittendam
1119 742 1219 820 Cotyn
1315 750 1316 787 t

241 826 281 885 ad
295 840 353 886 saa
368 824 484 884 menda
501 830 587 884 ratus
607 822 727 899 magnis
744 823 990 898 proticiscentem
1004 825 1094 885 donis
1108 841 1218 900 prose·
1315 818 1316 869 ἶ

241 909 352 984 quitur.
379 908 511 968 dueenta
528 907 657 981 talenta,
677 913 826 967 semestre
847 904 1047 982 stipendium,
1070 907 1218 983 equitatui

241 995 393 1062 numerat,
409 1005 479 1050 eum
492 989 590 1065 primo
604 1005 739 1050 annuum
752 990 828 1050 dare
839 988 1059 1050 consonuisset,

325 1073 439 1133 consul
453 1078 617 1147 postquam
628 1074 799 1148 profertum
810 1071 924 1132 Persea
937 1071 1069 1146 audivit,
1081 1073 1122 1133 ad
1135 1073 1217 1133 Gon·

240 1171 311 1216 num
323 1162 426 1216 oasim
434 1161 545 1229 movet,
555 1156 583 1215 si
593 1156 685 1231 potiri
695 1155 811 1233 oppido
821 1161 938 1231 posset.
949 1162 1020 1216 arrte
1029 1155 1098 1231 ipsa
1103 1155 1217 1232 Tempe

240 1239 271 1299 in
284 1237 425 1300 iauoibm
439 1238 529 1299 situm
541 1238 742 1299 Macedoniae
761 1240 895 1300 daustra
908 1239 1061 1299 tutissima
1080 1240 1217 1315 praebet,

240 1320 949 1398 etini'bessaliamopportanumblaaedonibus
958 1323 1131 1384 memsam.
1147 1339 1218 1384 eam
1315 1348 1316 1351 ¹

240 1414 271 1467 et
284 1408 353 1467 loeo
367 1413 398 1466 et
411 1405 566 1481 praesidio
580 1405 684 1467 valido
698 1405 943 1481 inexpugnabilis
958 1410 1033 1478 [res]
1048 1413 1147 1479 asset,
1161 1407 1216 1467 ab

240 1488 315 1550 stitit
339 1489 471 1564 incepto.
502 1487 535 1549 ia
553 1489 767 1550 Perrhaebiam
790 1488 881 1549 flexis
906 1488 1064 1550 itineribus
1084 1489 1216 1550 Malloea

239 1573 338 1648 primo
354 1574 469 1648 impetu
483 1578 573 1649 capta
592 1588 629 1633 ae
643 1572 778 1648 direpta,
797 1572 911 1647 Tripoli
931 1570 1053 1646 aliaque
1066 1571 1212 1634 Perrhae·

238 1655 290 1714 bia
302 1663 427 1730 reeepta
437 1654 574 1716 Larisam
587 1656 685 1717 rediit.
706 1655 778 1715 inde
787 1655 922 1716 Eumene
937 1662 1029 1731 atque
1042 1656 1144 1716 Attalo
1159 1658 1212 1717 do-

239 1753 322 1797 mum
335 1736 474 1797 remissis
485 1736 675 1814 Misagenem
688 1739 896 1813 Numidasque
909 1737 940 1798 in
956 1738 1084 1799 hiberna
1096 1739 1128 1798 iu
1143 1755 1214 1814 pro-

238 1818 330 1879 ximis
340 1820 495 1880 ibesaalis
509 1822 637 1882 urbibus
649 1822 816 1895 distribuit,
829 1830 862 1882 et
875 1829 990 1897 partem
1005 1823 1158 1884 amitus
1172 1823 1215 1886 ita
1315 1812 1316 1867 ἶ

241 1920 296 1977 per
308 1909 401 1964 totam
414 1903 602 1965 Thessaliam
617 1903 735 1978 divisit,
749 1912 784 1965 ut
796 1912 827 1965 et
834 1904 962 1965 hiberna
975 1906 1137 1967 commoda
1150 1923 1215 1967 om·

239 2002 295 2048 nes
308 1986 455 2048 baberent
474 1995 505 2049 et
523 1988 680 2063 praesidio
692 1987 820 2048 urbibus
830 1994 945 2048 essent.
976 1987 1009 2062 Ω.
1024 1988 1158 2049 Muaium
1171 1991 1214 2048 le-
1315 1980 1316 2069 j

238 2077 340 2145 gotum
361 2086 430 2131 eum
458 2072 580 2132 duobus
601 2069 723 2131 milibus
744 2070 784 2130 ad
806 2070 1002 2132 abnuendam
1019 2071 1215 2132 Ambraciam

237 2152 527 2298 fflmeoarum
536 2152 702 2216 eivitatium
710 2151 1214 2229 aooiosomaaapraeterAahaeos

260 2237 268 2250 ⁴
301 2235 336 2251 '⁹
380 2253 450 2298 eum
462 2237 614 2299 exercitas
628 2245 716 2314 parte
726 2237 1082 2313 proieotuainllolraiam
1091 2237 1214 2300 Phthio-

237 2318 305 2394 tim,
318 2319 454 2382 Pteleum
468 2322 622 2382 desertum
637 2323 710 2397 iuga
723 2321 946 2396 oppidanorum
960 2320 1051 2382 diruit
1065 2336 1086 2381 a
1104 2321 1213 2382 iauda-
1315 2356 1316 2371 κ

237 2403 362 2477 mantis,
375 2404 515 2464 munna
526 2407 683 2465 voluntate
695 2402 859 2465 solentiam
872 2403 1000 2479 reoepit.
1019 2403 1060 2464 ad
1074 2403 1213 2466 Larisam

238 2486 349 2546 deinde
369 2484 535 2546 exereitum
546 2486 691 2546 admovit.
722 2485 796 2546 urbs
817 2487 941 2548 daseia
958 2493 1040 2557 eram
1058 2486 1092 2546 iu
1110 2503 1214 2548 arbem

238 2568 337 2627 omnis
351 2566 510 2627 multitudo
522 2575 734 2629 concesserat:
755 2584 823 2629 eam
835 2585 1016 2645 oppugnare
1025 2570 1212 2645 adgreditur.

237 2646 326 2723 primi
340 2649 472 2709 orarium
486 2650 690 2725 blaaedones,
702 2649 821 2726 regium
835 2652 1038 2728 praesidium,
1060 2661 1144 2715 metu
1156 2670 1211 2715 ex·

238 2738 409 2801 asssumpta
425 2747 445 2791 a
459 2731 570 2807 quibus
583 2734 680 2795 relicti
695 2734 842 2811 oppidani
856 2737 886 2796 in
901 2736 1086 2798 deditionem
1096 2744 1212 2798 extem·

238 2813 290 2889 plo
300 2811 434 2877 veniunt.
458 2816 589 2879 dubitari
604 2818 691 2892 inde,
707 2825 808 2880 utram
817 2818 987 2881 Demetrias
1001 2819 1212 2894 adgredienda

236 2897 315 2957 ioret
329 2914 368 2957 an
382 2897 412 2958 in
425 2898 553 2962 Boeotia
568 2901 765 2978 aspiciendae
777 2918 839 2963 ras.
861 2901 1013 2978 Thebani,
1026 2903 1211 2965 vexantibus

236 2995 292 3040 eos
308 2981 488 3057 Coronaeis,
508 2985 538 3045 in
548 2984 708 3047 Boeotiam
720 2986 928 3047 araassebant
957 2987 998 3046 ad
1017 2984 1126 3047 horum
1140 3000 1211 3063 pre

236 3078 305 3137 oea,
326 3064 399 3139 quia
418 3065 554 3130 hibernis
575 3069 675 3144 aptior
692 3069 777 3145 regio
797 3085 890 3145 quam
902 3069 1061 3145 Magnesia
1079 3076 1159 3146 erat,
1179 3069 1210 3131 in
1315 3102 1316 3154 l

235 3144 394 3208 Boeotiam
408 3149 503 3211 duxit

622 3355 824 3369 m
