2642 4017
333 280 447 340 LIBER
461 281 535 341 XLI.
560 280 642 341 cal.
657 288 684 345 t.
695 289 724 345 8.
746 288 782 355 [a.
795 287 829 340 Θ.
842 288 904 355 178]
1044 283 1104 346 109

206 433 271 491 Vll.
292 432 450 508 'triumphi
467 431 579 493 deinde
595 448 635 493 ex
645 433 794 510 Hispania
809 435 870 497 duo
886 438 1020 498 continui
1035 439 1104 500 acti.

120 517 206 594 prior
213 515 416 591 Sempronius
425 516 581 578 Gracchus
597 516 803 579 decettiberis
816 520 974 595 sociisque
988 536 1104 596 eorum,

119 608 248 676 postero
271 599 321 659 die
340 601 375 659 L.
389 598 563 662 Postumius
585 602 624 661 de
637 602 793 664 Lusitanis
816 603 948 680 aliisque
967 604 1105 665 eiusdem

121 682 257 759 regionis
277 683 425 759 Hispanis
448 683 652 760 triumphavit
684 686 885 763 quadraginta
904 688 986 749 milia
1000 689 1104 765 pondo

120 769 238 842 argenti
251 768 295 829 Ti.
312 768 469 828 Gracchus
484 769 652 847 transtulit,
674 768 779 847 viginti
793 770 875 832 mliia
889 772 1029 833 Albinus.
1051 773 1105 833 mi·

119 853 224 914 litibus
250 853 395 914 denarios
417 851 528 929 quinos
547 855 690 928 vicenos,
716 854 831 930 duplex
854 856 1038 930 centurioni,
1055 856 1106 916 tri·

119 938 194 1012 ptex
214 936 309 1012 equiti
331 936 422 997 ambo
441 937 626 1008 diviscmnt;
649 938 744 1001 sociis
759 940 945 1001 tantumdem
959 947 1105 1017 quantum

120 1021 278 1081 Romanis.

206 1103 264 1163 Per
283 1105 411 1166 eosdem
435 1105 513 1167 torte
533 1106 600 1165 dies
619 1106 660 1167 lii.
678 1103 783 1167 lunius
803 1109 912 1168 consul
932 1124 972 1167 ex
991 1106 1106 1169 Histria

121 1186 313 1250 comitiorum
330 1205 426 1249 causa
441 1191 570 1251 Romam
585 1191 676 1251 venit.
704 1206 773 1251 eum
788 1206 857 1252 cum
870 1192 900 1251 in
917 1199 1026 1253 senatu
1040 1192 1106 1253 iati-

120 1281 249 1347 gassent
269 1271 559 1349 interrogationibus
579 1274 691 1336 tribuni
712 1274 811 1350 plebis
827 1274 968 1351 Papirius
984 1284 1015 1338 et
1028 1273 1106 1335 Lici-

121 1357 192 1417 nius
204 1358 243 1416 de
256 1356 313 1432 bis,
330 1371 410 1432 quae
422 1357 451 1417 in
463 1359 577 1419 Histria
588 1365 694 1420 essent
708 1365 785 1430 acta,
800 1357 1015 1422 incentionem
1029 1374 1108 1434 quo·

125 1457 184 1516 que
206 1442 425 1516 produxerunt.
457 1442 496 1502 ad
513 1457 593 1518 quae
613 1459 682 1504 curn
699 1443 808 1504 consul
825 1458 861 1503 se
875 1443 943 1503 dics
958 1458 1020 1502 nou
1035 1442 1106 1517 plus

121 1525 266 1587 undecim
282 1527 313 1585 in
328 1540 366 1585 ea
381 1526 542 1601 provincia
555 1528 653 1589 luisse
668 1527 887 1603 responderem
911 1541 992 1601 quac
1006 1540 1042 1585 se
1053 1523 1105 1584 ab·

120 1616 209 1668 sente
224 1617 292 1670 acta
306 1615 420 1684 essent,
435 1625 471 1670 se
486 1626 619 1687 quoque,
635 1618 669 1671 ut
683 1608 763 1685 illos,
780 1611 861 1670 lama
878 1617 1036 1685 comperta
1052 1607 1104 1667 ha·

120 1693 212 1763 bere3
240 1693 492 1770 exsequebantur
517 1694 629 1755 deinde
658 1701 855 1769 quaerentes,
882 1694 957 1770 quid
982 1693 1023 1754 ita
1043 1708 1106 1753 non

121 1777 227 1854 potius
241 1781 279 1838 A.
295 1776 428 1838 Manlius
445 1778 574 1839 Romam
593 1777 740 1857 venisset,
754 1785 787 1838 ut
801 1777 949 1839 rationem
964 1777 1108 1839 redderet

120 1864 239 1937 populo
253 1862 408 1935 Romano,
432 1879 486 1923 cur
507 1878 545 1923 ex
563 1861 660 1923 Gallia
675 1861 848 1937 provincia,
873 1879 963 1938 quam
981 1862 1106 1923 sortitus

119 1952 220 2016 esset,
242 1945 273 2005 in
287 1946 432 2007 Histriam
451 1947 628 2008 transisset:
651 1945 777 2022 quando
797 1945 828 2005 id
848 1946 959 2007 bellum
980 1952 1107 2007 senatus

120 2030 327 2104 decrevisset,
352 2031 476 2106 quando
499 2030 539 2103 [id
563 2030 688 2103 bellum]
713 2031 848 2106 populus
865 2030 1023 2091 Romanus
1043 2030 1105 2089 ius·

120 2115 223 2174 sisset.
253 2123 284 2175 at
301 2114 426 2176 hercule
446 2114 566 2190 privato
588 2113 711 2191 quidem
732 2113 860 2175 consilio
875 2113 1100 2175 bellumsusce·

120 2204 208 2273 ptum
219 2213 300 2270 esse,
317 2199 374 2258 sed
384 2206 502 2275 gestum
515 2199 683 2274 prudenter
693 2199 882 2274 fortiterque.
903 2198 995 2259 immo
1007 2203 1108 2258 utrum

120 2290 302 2358 susceptum
324 2283 364 2343 sit
384 2283 515 2358 nequius
537 2298 576 2343 an
589 2281 793 2343 inconsultius
810 2288 947 2357 gestum,
969 2279 1030 2341 dici
1043 2296 1106 2341 non

120 2381 228 2441 posse.
251 2367 400 2427 stationes
416 2367 494 2428 duas
509 2367 731 2442 necopinantes
749 2365 788 2427 ab
801 2364 912 2427 Histris
928 2380 1107 2441 oppressas,

121 2457 224 2510 castra
245 2452 385 2512 Romana
406 2455 510 2527 capta,
532 2451 615 2528 quod
637 2451 790 2527 peditum,
813 2449 898 2526 quod
919 2449 1055 2526 equitum
1077 2449 1107 2509 in

121 2535 233 2594 castris
259 2536 350 2595 luerit
375 2550 510 2595 caesum.
542 2542 662 2597 ceteros
688 2535 821 2595 inermes
845 2535 1010 2609 lusasque,
1037 2539 1108 2594 ante

121 2634 230 2679 omnes
253 2621 410 2680 consulem
434 2619 551 2694 ipsum,
572 2619 611 2679 ad
625 2635 711 2680 mare
728 2634 765 2680 ac
780 2633 876 2680 naues
891 2618 1018 2695 fugisse.
1046 2618 1107 2693 pri·

119 2710 225 2764 vatum
247 2704 395 2763 rationem
412 2703 602 2764 redditurum
617 2718 723 2764 earum
736 2718 838 2765 rerum
854 2718 940 2778 csse,
962 2702 1107 2778 quoniam

123 2788 233 2848 consul
248 2787 408 2848 noluisset.

205 2871 287 2930 Vlll.
311 2870 438 2932 Comitia
453 2869 564 2944 deinde
581 2870 694 2932 habita.
717 2871 860 2930 consules
871 2870 965 2931 creati
977 2868 1008 2929 C.
1021 2868 1108 2931 clau-

122 2954 193 3014 dius
215 2954 345 3016 Pulcher
363 2956 407 3015 ti.
430 2953 632 3030 Sempronius
658 2953 826 3014 Gracchus.
860 2960 890 3014 et
910 2959 1036 3029 postero
1058 2952 1108 3014 die

121 3044 282 3114 praetores
301 3040 372 3099 iacti
386 3039 417 3098 P.
434 3039 542 3099 Aelius
556 3038 677 3100 Tubero
695 3037 804 3099 lterum
819 3037 851 3097 0.
869 3037 1108 3112 QuinctiusFla·

121 3121 256 3184 mininus
272 3123 303 3194 G.
315 3122 472 3183 Numisius
489 3123 523 3181 L.
535 3123 699 3183 Mummius
715 3121 767 3182 Cn.
780 3121 939 3183 cornelius
955 3120 1059 3198 Scipio
1077 3122 1107 3182 c.

121 3206 266 3268 Valerius
282 3207 447 3268 Laevinus.
472 3206 625 3269 'luberoni
640 3206 759 3267 urbana
774 3205 953 3279 iurisdictio,
970 3205 1108 3281 Quinctio

123 3294 285 3365 peregrina
300 3292 409 3364 evcnit,
428 3292 565 3352 Numisio
581 3290 694 3365 Sicilia,
709 3289 855 3352 Mummio
870 3288 1029 3351 Sardinia=
1052 3287 1109 3347 sed

39 3439 46 3447 ,
122 3389 161 3434 ea
174 3383 304 3451 propter
316 3375 389 3436 belli
403 3374 643 3451 magnitudinem
659 3372 821 3452 provincia
835 3372 1006 3436 consularis
1018 3373 1108 3430 iacta.

123 3458 282 3520 Gracchus
297 3476 365 3520 eam
383 3461 516 3535 sortitur,
532 3459 676 3521 Histriam
692 3458 847 3520 Claudius·
870 3456 974 3532 Scipio
991 3461 1022 3515 et
1032 3454 1109 3513 Lae-

123 3541 212 3603 uinus
226 3545 353 3605 Galliam
368 3545 398 3603 in
415 3545 493 3606 duas
510 3545 639 3605 divisam
650 3544 826 3619 provincias
838 3537 935 3601 sortiti
953 3545 1032 3599 sunt.
1052 3536 1108 3597 idi--
