2642 4017
238 322 299 387 102
348 322 464 383 LIBER
477 323 538 383 xl..
561 322 645 383 cAP.
660 330 759 386 seso
783 329 820 399 [ι.
834 329 867 383 o.
880 347 905 383 ο.
917 330 978 387 tto.
995 347 1019 384 ι.
1032 329 1065 382 u.
1078 330 1139 397 179]

238 483 469 539 concesserunt.
503 491 572 536 cum
594 476 698 536 subire
711 477 881 538 Bastarnae
902 479 1028 552 vellent,
1051 476 1134 554 quali
1149 484 1222 538 tem·

237 568 358 639 pestate
382 559 487 621 Gallos
512 559 683 635 spoliantes
703 560 840 636 Delphos
866 562 947 621 lama
970 568 1019 622 est
1043 569 1223 636 peremptos

237 662 325 718 esse,
352 644 421 705 talis
445 652 508 705 tnm
528 645 696 705 Bastarnas
717 645 902 721 nequiquam
924 644 965 704 ad
985 645 1057 719 iuga
1077 645 1224 706 montium

238 727 524 806 appropinquantes
551 728 717 804 oppressit
753 743 855 804 neque
881 726 962 788 enim
987 727 1083 789 imbre
1106 735 1222 789 tantum

237 813 338 876 effuso
361 811 431 874 dein
453 810 637 873 creberrima
652 811 802 887 grandine
821 811 922 874 obruti
937 818 1009 874 sunt
1023 827 1092 873 cum
1107 812 1222 887 ingenti

238 899 360 974 fragore
370 895 446 956 caeli
459 892 686 971 tonitribusque
698 903 730 958 et
740 896 913 972 auguribus
926 895 1223 972 praestringentibus
1316 936 1317 941 κ

236 980 335 1042 aciem
350 981 517 1053 oculorum,
533 979 591 1040 sed
605 977 732 1040 fulmina
745 979 835 1041 etiam
852 981 898 1041 sic
912 978 1049 1055 undique
1060 980 1222 1053 micabant,

238 1072 271 1126 nt
290 1064 354 1139 peti
374 1063 551 1125 viderentur
570 1078 718 1140 corpora,
739 1078 797 1124 nec
817 1064 917 1125 solum
932 1063 1042 1124 milites
1060 1063 1117 1125 sed
1132 1063 1223 1125 etiam

237 1147 393 1226 principes
419 1147 469 1208 icti
493 1147 647 1207 caderent.
678 1147 782 1222 ltaque
802 1163 871 1209 cum
894 1147 1053 1223 praecipiti
1074 1149 1147 1222 luga
1168 1162 1224 1222 per

237 1247 332 1309 rupes
348 1233 502 1308 praealtas
516 1229 682 1306 improvidi
699 1237 906 1293 sternerentm·
919 1239 1114 1307 ruerentque,
1129 1230 1221 1291 insta·
1316 1220 1317 1291 Ϊ

238 1316 312 1377 bant
332 1313 456 1391 quidem
476 1314 629 1391 perculsis
647 1313 797 1388 Thraces,
822 1317 879 1376 sed
900 1313 962 1391 ipsi
983 1316 1060 1378 deos
1081 1322 1223 1376 auctores

239 1400 330 1476 lagae
352 1413 424 1459 esse
438 1399 620 1473 caelumque
634 1398 664 1458 in
680 1413 820 1460 seruere
836 1399 966 1460 aiebant.
996 1398 1136 1474 dissipati
1152 1415 1222 1475 pro·

238 1485 316 1546 celle
337 1499 407 1545 cum
426 1489 582 1558 tamquam
602 1499 642 1543 ex
663 1481 823 1558 naufragio
845 1483 985 1559 plerique
1000 1483 1177 1544 semiermes
1193 1485 1222 1543 in

239 1574 348 1642 castra,
362 1567 446 1629 unde
457 1567 587 1644 protecti
598 1574 693 1642 erant,
708 1567 869 1642 redissent,
885 1567 1053 1629 consultari
1065 1567 1140 1643 quid
1152 1583 1223 1642 age

238 1657 306 1711 rent
327 1657 480 1727 coeptum.
508 1651 581 1712 inde
603 1658 671 1712 orta
689 1650 845 1714 dissensio
867 1651 935 1712 aliis
949 1651 1222 1712 redeundum-aliis

238 1734 460 1811 penetrandum
486 1736 517 1795 in
537 1735 721 1796 Dardaniam
747 1736 955 1797 censentibus.
986 1735 1109 1811 triginta
1129 1734 1223 1795 terme

238 1817 320 1879 milia
339 1818 496 1879 hominum
507 1847 549 1860 -
560 1817 708 1881 Clondico
726 1820 805 1881 dnce
820 1817 951 1897 proiecti
965 1825 1052 1879 erant
1062 1853 1104 1864 -
1115 1834 1222 1894 perte

239 1909 364 1963 noranta
386 1909 489 1963 cetera
508 1903 670 1966 multitudo
689 1911 787 1978 retro,
811 1921 872 1981 qua
885 1911 1026 1978 venerat,
1048 1903 1223 1963 mediterra-

238 2003 328 2048 neam
351 1987 509 2063 regionem
534 1987 653 2063 repetit.
686 1988 818 2049 Perseus
844 1988 957 2064 potitus
978 2003 1074 2062 regno
1096 1986 1224 2047 interfici

238 2073 425 2148 Antigonum
448 2069 552 2141 iussim
576 2078 606 2132 et
621 2071 694 2131 durn
716 2070 851 2133 firmaret
868 2087 936 2147 res,
957 2072 1075 2146 legatos
1096 2071 1223 2131 Romam

238 2157 278 2215 ad
292 2153 454 2217 amicitiam
468 2163 626 2231 paternam
640 2155 849 2216 renovandam
863 2155 1107 2231 petendumque,
1122 2162 1156 2215 ut
1169 2170 1224 2215 rex

238 2238 276 2299 ab
294 2247 403 2302 senatu
423 2240 645 2315 appellaretur,
674 2237 764 2298 misit.
791 2237 869 2300 haec
884 2255 921 2300 eo
939 2255 1020 2301 anno
1035 2239 1066 2299 in
1079 2238 1223 2300 Macedo·

237 2322 289 2384 nia
302 2332 400 2400 gesta.

324 2407 399 2469 LIX.
420 2407 507 2467 Alter
522 2407 684 2466 consulum
699 2405 732 2481 Q.
747 2405 873 2467 Fulvius
888 2422 927 2467 ex
942 2404 1107 2482 Liguribus
1121 2406 1223 2468 trium-

238 2491 358 2569 phavit;
388 2504 480 2566 quem
501 2488 687 2565 triumphum
701 2491 798 2566 magis
819 2492 934 2566 gratiae
949 2506 1041 2566 quam
1056 2506 1158 2551 rernm
1171 2505 1223 2566 ge·

238 2583 353 2636 starum
368 2570 568 2648 magnitudini
583 2573 687 2635 datum
702 2573 872 2636 constabat.
901 2590 1054 2636 armornm
1069 2574 1224 2637 hostilium

238 2672 379 2731 magnam
394 2656 456 2716 virn
470 2657 630 2731 transtulit,
646 2658 760 2719 nullam
775 2659 937 2736 pecuniam
952 2658 1128 2721 admodum.
1148 2654 1223 2717 divi·

238 2740 278 2801 sit
291 2747 392 2800 tannen
407 2741 437 2801 in
452 2738 592 2816 singulos
607 2742 717 2803 milites
731 2748 875 2805 trecenos
886 2742 977 2816 aeris,
993 2743 1109 2819 duplex
1121 2748 1222 2802 centu·

238 2823 386 2899 rionibus,
401 2825 512 2901 triplex
527 2825 632 2901 equiti.
653 2825 727 2887 nihil
741 2827 771 2887 in
783 2842 821 2887 eo
831 2825 984 2902 triumpho
995 2828 1093 2902 magis
1104 2825 1224 2900 insigne

239 2908 294 2969 luit
304 2924 396 2984 qnam
410 2909 495 2987 quod
507 2909 585 2972 torte
596 2909 707 2984 evenit,
723 2919 757 2973 nt
767 2911 877 2971 eodem
888 2909 939 2970 die
951 2910 1149 2986 triumpharet
1162 2923 1223 2984 qno

238 2992 342 3067 priore
356 3010 436 3056 nnno
450 3010 490 3054 ex
505 3002 649 3069 praetura
662 2994 913 3071 triumphaverat.
937 2996 1107 3055 secundum
1121 2993 1223 3054 trium-

239 3076 334 3151 phum
354 3078 477 3138 comitia
497 3078 606 3152 edixit,
629 3077 742 3154 quibus
762 3078 855 3140 creati
876 3080 1021 3139 consules
1037 3085 1109 3138 sunt
1121 3076 1161 3136 M.
1177 3077 1223 3136 lu-

142 3156 147 3168 '
238 3160 307 3220 nius
331 3161 445 3222 Brutus
469 3163 507 3220 Α.
528 3156 660 3223 Manlius
684 3164 794 3223 Vulso.
831 3168 1006 3238 praetorum
1030 3159 1102 3224 inde
1126 3161 1224 3222 tribus

239 3243 350 3304 creatis
364 3245 487 3305 comitia
503 3251 670 3321 tempestas
686 3246 815 3306 diremit.
838 3253 963 3321 postero
979 3246 1030 3307 die
1041 3243 1150 3320 reliqui
1162 3250 1224 3304 tres

239 3328 319 3402 iacti,
335 3328 500 3390 antediem
516 3338 655 3403 quartum
672 3329 742 3390 idus
756 3329 890 3404 Martias,
908 3330 949 3390 Μ.
963 3329 1089 3391 Titinius
1105 3329 1225 3389 Curvus

238 3413 281 3473 Ti.
294 3412 439 3474 Claudius
455 3412 534 3473 Nero
549 3412 581 3471 T.
592 3413 738 3475 Fonteius
752 3412 869 3489 capito.
891 3413 955 3474 ludi
966 3414 1095 3475 Romani
1111 3413 1224 3474 instau-

239 3498 295 3559 rati
309 3499 348 3557 ab
361 3496 512 3558 aedilibus
524 3497 681 3558 curulibus
694 3497 746 3557 cn.
760 3496 888 3558 Servilio
902 3497 1056 3573 caepione
1067 3499 1127 3572 Ap.
1137 3495 1224 3558 Clau·

240 3578 291 3641 dio
307 3580 442 3643 Centone
463 3588 589 3658 propter
611 3579 752 3658 prodigta
766 3596 846 3658 quae
859 3589 1036 3642 evenerant.
1065 3588 1146 3641 terro
1160 3595 1225 3642 mo-
